3094 5062
682 767 757 853 DE

195 1079 428 1232 clasii
471 1082 737 1238 SEVERI
785 1085 1250 1255 attollitur

578 2125 861 2202 PROOEMIUM.

203 2419 308 2488 Cassii
333 2418 461 2504 Severi,
487 2417 545 2506 qui
571 2424 649 2507 post
675 2417 846 2488 Ciceronis
875 2425 1010 2488 aetatem
1035 2441 1163 2490 novam
1191 2423 1284 2492 viam

156 2539 335 2625 ingressus
367 2539 431 2620 est,
470 2532 688 2622 multumque
721 2531 867 2602 dicendo
894 2534 1013 2616 valuit,
1047 2534 1106 2625 qui
1138 2535 1284 2607 fortasse

156 2652 307 2743 primum
331 2649 421 2717 inter
444 2653 595 2717 oratores
618 2649 732 2718 locum
757 2650 877 2732 tenuit,
909 2651 1095 2739 simulque,
1123 2652 1283 2742 quamvis

157 2787 265 2838 novas
284 2786 339 2835 ros
353 2786 425 2834 non
439 2765 578 2834 molitus
598 2785 674 2834 esse
693 2763 862 2852 videatur,
876 2766 1019 2836 famosis
1036 2767 1164 2836 libellis
1183 2767 1283 2836 fami-

156 2883 260 2952 liares
283 2890 317 2951 ct
339 2881 468 2950 amicos
492 2882 637 2971 Augusti
670 2881 866 2970 exagitavit,
893 2882 1128 2970 eloquentiam
1159 2881 1282 2951 edum-

155 2999 255 3067 brare
283 3003 316 3067 et
340 2997 438 3086 quasi
460 2997 668 3066 lineamenta
692 2995 860 3067 deducere
889 2997 988 3066 nohis
1014 2999 1195 3068 consilium
1215 3006 1280 3070 est.

156 3120 239 3198 Quae
262 3119 366 3208 igitur
388 3117 491 3186 fuerit
513 3121 577 3187 sub
606 3118 748 3206 Augusti
771 3117 965 3209 principatu
989 3119 1128 3188 insolita
1151 3121 1282 3210 species

156 3235 377 3324 eloquentiae,
399 3239 433 3302 et
456 3231 629 3323 quomodo
651 3234 782 3321 aliquot
801 3235 983 3324 scriptores
1003 3234 1149 3324 principi
1175 3234 1281 3304 obsti-

156 3350 272 3432 terint,
294 3348 448 3437 iramque
463 3350 539 3438 ejus
554 3346 704 3437 denique
719 3350 890 3418 moverint
909 3347 1150 3420 ostendemus·

201 3467 282 3536 Haeo
301 3465 441 3554 quidem
463 3465 603 3534 materie
623 3465 744 3534 exilior
769 3463 928 3534 habenda
947 3473 1056 3551 esset,
1079 3465 1146 3534 nisi
1172 3467 1281 3536 nostri

154 3581 268 3672 operis
300 3587 393 3650 esset
428 3579 514 3648 duas
544 3581 712 3648 maximas
741 3600 797 3649 res
830 3581 971 3648 scrutari
1007 3605 1016 3649 :
1052 3582 1207 3666 alteram,
1237 3582 1280 3652 de

155 3696 321 3786 loquendi
345 3701 379 3764 et
406 3695 577 3765 scribendi
601 3694 769 3779 libertate,
793 3717 970 3785 quaecum
990 3717 1126 3765 morum
1146 3705 1180 3765 et
1200 3698 1278 3766 ciri·

155 3817 264 3881 tatum
287 3812 428 3882 historia
451 3811 609 3895 cohaeret,
631 3850 676 3860 —
700 3811 789 3880 hauc
812 3812 1035 3900 inspiciemus
1063 3811 1146 3879 dum
1172 3813 1277 3879 vitem

155 3947 362 4018 poenamque
395 3926 509 3997 Severi
542 3927 772 4013 narrabimus3
804 3928 957 4008 altorem,
993 3926 1036 3996 de
1070 3933 1278 3996 commutata

153 4044 359 4132 cloquentiae
372 4045 494 4131 forma,
511 4065 589 4133 quae
604 4041 648 4110 ad
661 4044 852 4112 litterarum
866 4043 1043 4112 historiam
1059 4045 1218 4134 pertinet,
1234 4078 1279 4094 -

154 4159 249 4228 illam
270 4160 371 4249 paulo
392 4165 468 4250 post
488 4158 758 4250 explorabimus.

228 4389 343 4446 florum.
1122 4396 1133 4450 l
