3094 5062
711 486 874 548 ..22-

225 653 295 718 tate
312 666 413 735 agere
432 647 577 730 assueti,
597 666 678 713 cum
700 645 745 713 ad
765 667 868 715 veros
882 647 1029 734 judices,
1045 649 1088 716 ad
1109 669 1208 718 veras
1233 671 1352 722 causas

227 765 395 843 venirent,
412 762 524 830 aluce
539 762 682 846 scbolae,
699 769 739 829 ut
758 763 804 829 ita
823 762 946 844 dicam,
963 764 1000 831 in
1023 764 1179 833 umbram
1199 768 1264 836 fori
1279 770 1351 836 exi·

226 878 333 946 bant:
351 884 486 946 tantum
505 879 650 966 egregiae
672 885 707 946 et
725 876 841 946 liberae
862 878 1063 968 eloquentiae
1082 883 1227 969 species,
1248 904 1351 972 quam

227 995 404 1062 inanimis
423 993 607 1075 habebant,
629 1016 650 1062 a
668 1013 751 1061 vero
769 1001 859 1062 statu
877 1001 911 1062 et
929 995 1135 1082 eloquentiae
1154 1003 1188 1066 et
1206 999 1351 1068 civitatis

226 1109 446 1178 abhorrebat!
465 1111 583 1196 ltaque
598 1110 657 1197 qui
672 1108 765 1198 apud
780 1110 1014 1178 centumviros
1028 1131 1148 1179 causas
1167 1133 1264 1181 orare
1279 1135 1350 1182 non

227 1226 422 1315 cupiebant,
444 1226 533 1293 hano
553 1232 669 1292 tamen
690 1227 873 1294 oratoriam
895 1233 1015 1310 artem,
1035 1248 1103 1314 qua
1122 1227 1297 1316 quondam
1317 1239 1351 1298 et

226 1343 370 1431 gloriam
393 1347 428 1408 et
448 1341 650 1430 dignitatem
669 1349 703 1409 et
722 1341 904 1408 utilitatem
924 1341 1041 1410 diserti
1065 1343 1348 1432 assequebantur,

225 1459 338 1526 colere
371 1457 547 1540 volebant,
583 1459 619 1524 in
656 1457 793 1526 scholas
824 1458 935 1526 redire
971 1457 1191 1542 festinabant,
1225 1460 1283 1528 ubi
1316 1469 1351 1530 et

226 1576 376 1663 antiquae
396 1573 603 1661 eloquentiae
626 1573 809 1662 imaginem
835 1579 870 1640 et
892 1573 1059 1661 quidlibet
1087 1574 1221 1643 dicendi
1244 1576 1350 1644 liber-

142 1770 145 1787 Ι
227 1697 331 1758 tatem
360 1699 395 1757 et
418 1687 730 1777 condiscipulorum
762 1688 929 1757 clamores
956 1689 1166 1777 plaususque
1194 1692 1349 1760 iuvenie-

226 1806 320 1872 bant.
339 1806 401 1873 Hic
414 1824 450 1872 se
466 1806 592 1872 ineam
609 1802 897 1872 consuetudinem
913 1803 1128 1873 adducebant
1148 1812 1186 1873 ut
1201 1808 1350 1875 maxima

227 1922 261 1989 vi
275 1930 309 1989 et
329 1921 542 2009 ingenuitate
562 1920 732 1987 suasorias
751 1925 786 1988 et
804 1921 1068 2004 controversias,
1089 1943 1167 2010 quae
1187 1923 1350 2011 saepiusa

227 2038 382 2122 veritate,
408 2057 479 2105 non
507 2056 643 2124 semper
671 2034 713 2102 ab
742 2036 936 2124 eloquentia
958 2035 1204 2122 abhorrebant,
1229 2045 1350 2106 tracta-

227 2163 320 2235 rent;
339 2160 377 2222 ut
395 2173 451 2221 res
465 2153 563 2220 fictas
576 2151 668 2240 apud
684 2171 754 2219 non
773 2172 875 2220 veros
893 2151 1026 2240 judiees
1045 2160 1203 2241 agerent3
1221 2160 1259 2221 ut
1273 2174 1348 2222 sen·

228 2272 351 2339 tentias
363 2277 398 2338 et
412 2269 611 2353 divisiones,
628 2268 709 2335 huic
722 2269 798 2335 loco
817 2274 851 2337 et
865 2269 934 2336 illis
948 2268 1164 2338 audientibus
1185 2269 1345 2359 aptiores

228 2393 429 2476 quaererent.

272 2504 321 2570 Ne
340 2503 443 2590 igitur
463 2500 624 2568 causidici
645 2506 863 2584 vocarentur,
886 2499 1134 2569 declamatores
1155 2503 1233 2570 facti
1252 2508 1345 2570 sunt.

273 2618 479 2686 Declamatio
508 2622 635 2702 autem,
666 2637 733 2705 qua
762 2615 806 2684 ad
838 2617 984 2685 virtutes
1008 2619 1153 2685 oratoris
1178 2617 1349 2706 parandas

227 2735 358 2822 antiqui
377 2732 572 2818 utebantur,
588 2754 659 2802 non
671 2735 743 2822 jam
762 2733 968 2812 exercitatio,
986 2754 1057 2800 non
1072 2735 1144 2822 Jam
1160 2754 1214 2801 ars
1232 2734 1346 2822 aliqua

228 2849 377 2931 dicendi,
406 2849 466 2918 sed
490 2851 686 2938 eloquentia
709 2850 783 2938 ipsa
806 2849 921 2917 habita
949 2857 1012 2918 est.
1037 2848 1125 2925 Ouid
1152 2848 1244 2938 quod
1271 2870 1347 2918 ora-

227 2969 323 3036 toriae
356 2974 391 3034 et
419 2966 546 3034 lorensi
580 2967 783 3054 eloquentia
813 2965 889 3034 haec
922 2964 1122 3034 declamatio
1147 2967 1349 3054 praefertur?

226 3085 371 3151 'lantum
393 3083 489 3150 velut
512 3081 667 3170 quaedam
693 3081 826 3150 insania
845 3101 966 3150 omnes
989 3090 1124 3150 mentes
1140 3082 1344 3171 penetravit!

227 3199 315 3266 Olim
330 3199 445 3267 Cicero
456 3199 534 3287 jure
548 3197 661 3266 dicere
676 3205 818 3287 poterat.
839 3224 856 3260 «
871 3199 979 3265 Nemo
994 3195 1128 3266 studet¹
1142 3198 1347 3285 eloquentiae

228 3323 424 3383 nostrorum
448 3314 630 3382 hominum
649 3315 715 3382 nisi
739 3321 778 3382 ut
800 3315 836 3381 in
861 3314 971 3382 causis
992 3321 1093 3402 atque
1116 3314 1152 3380 in
1173 3312 1247 3380 foro
1271 3312 1346 3380 elu-

228 3437 312 3500 ceat.
335 3457 352 3492 »
378 3431 476 3498 Nunc
501 3429 640 3520 quidem
663 3430 807 3498 Romani
831 3429 1036 3518 eloquentie
1063 3429 1249 3518 plurimum
1275 3434 1347 3496 stu-

227 3546 322 3624 dent,
339 3546 512 3634 plerisque
530 3566 612 3614 vero
626 3567 697 3613 non
712 3547 879 3614 inanimo
899 3552 951 3614 est
965 3547 1001 3612 in
1020 3545 1095 3613 foro
1110 3545 1255 3614 elucere.

272 3662 358 3731 Vide
376 3664 545 3730 Annaeum
568 3663 730 3731 Senecam
750 3663 807 3750 qui
827 3663 1015 3751 saepissime
1035 3662 1203 3751 exquisito
1218 3660 1347 3750 judicio

227 3780 333 3846 utitur
361 3803 369 3845 ε
400 3799 469 3846 non
503 3778 597 3868 quod
627 3779 726 3847 illurn
759 3778 983 3861 vehementer
1010 3776 1259 3867 reprehendam
1287 3775 1347 3866 qui

226 3895 510 3964 declamationem
535 3895 673 3984 plurimi
697 3894 796 3962 faciat
826 3921 834 3962 :
862 3893 1008 3962 rhetoris
1032 3895 1126 3961 enim
1147 3899 1217 3984 erat
1238 3898 1345 3960 artem

225 4009 362 4079 dicendi
375 4009 535 4079 laudibus
550 4011 726 4081 extollere.
741 4009 807 4079 Sed
822 4012 953 4079 Novato
973 4017 1007 4079 et
1022 4010 1172 4090 Senecae,
1191 4009 1247 4097 qui
1262 4009 1347 4077 olim

256 4281 278 4327 l.
294 4279 331 4326 De
346 4277 477 4338 Orat.,11‚
492 4281 529 4338 l3,
544 4279 583 4327 55.
