3094 5062
684 525 845 589 ..41-

195 699 302 764 tatem
318 689 424 776 Calvi,
441 688 642 778 gravitatem
657 686 761 770 Bruti,
779 705 925 754 acumen
940 684 1089 776 Sulpicii,
1102 685 1320 756 acerbitatem

197 810 304 879 Cassii
324 806 545 896 reperiemus.
563 831 580 867 a

242 925 397 1012 Denique
419 942 499 990 cum
522 939 644 988 omnes
667 939 782 988 rerum
805 918 986 1008 scriptores
1008 922 1044 988 et
1067 927 1219 988 oratores
1237 940 1322 1010 poe·

197 1050 321 1130 tasque
353 1043 546 1128 percenset,
576 1035 635 1125 qui
668 1034 760 1126 apud
791 1035 925 1103 Graecos
957 1040 991 1102 et
1021 1032 1114 1124 apud
1146 1035 1319 1105 Romanos

196 1155 330 1247 ingenti
350 1153 459 1243 gloria
481 1147 683 1236 floruerunt,
703 1149 867 1239 dignique
891 1153 972 1218 sunt
993 1151 1051 1238 qui
1075 1150 1117 1218 ab
1141 1149 1319 1240 discipulis
1396 1177 1409 1204 ν

195 1274 356 1361 legantur
382 1296 398 1331 «
423 1266 683 1336 intendentibus
710 1272 748 1335 ut
775 1272 927 1334 oratores
955 1265 1038 1333 fiant
1066 1291 1097 1351 »,
1126 1274 1204 1356 post
1231 1267 1323 1338 Cice·

196 1407 331 1466 ronam,
354 1385 559 1466 Pollionem,
582 1382 773 1466 Messalam,
795 1383 976 1465 Gaesarem,
999 1382 1153 1467 Caelium,
1178 1383 1319 1452 Calvum

197 1511 231 1574 61
247 1502 449 1590 Sulpicium,
461 1499 533 1567 haeo
546 1498 652 1567 verba
666 1497 709 1566 de
723 1498 839 1567 Cassio
855 1497 980 1566 Severo
995 1498 1141 1588 scripsit.
1156 1527 1173 1561 «
1183 1498 1287 1568 Multa
1297 1501 1320 1586 ¹,

197 1621 228 1690 si
242 1639 322 1688 cum
333 1615 464 1707 judicio
478 1616 624 1705 legatur,
641 1612 735 1681 dabit
748 1613 936 1682 imitatione
950 1612 1054 1702 digna
1068 1614 1206 1686 Cassius
1221 1615 1322 1684 Scre-

198 1756 275 1816 rus;
296 1734 368 1823 qui,
389 1733 417 1801 si
443 1732 563 1800 ceteris
583 1729 768 1798 virtutibus
795 1729 948 1798 colorem
968 1734 1003 1798 et
1023 1731 1225 1819 gravitatem
1244 1751 1321 1800 ora-

197 1850 302 1919 tionis
323 1847 516 1937 adjecisset,
537 1845 720 1936 ponendus
738 1845 828 1913 inter
846 1845 1035 1935 praecipuos
1052 1845 1151 1915 foret.
1172 1873 1188 1908 »

243 1964 376 2033 Tacitus
394 1968 510 2032 autem
525 1960 651 2031 fatetur
664 1981 684 2029 a
699 1961 813 2030 Cassio
830 1961 954 2030 Severo
971 1981 1097 2030 nevam
1115 1961 1321 2050 eloquentiae

198 2079 347 2148 formam
368 2078 466 2167 quasi
489 2082 635 2146 creatam
657 2095 732 2146 esse
754 2103 761 2144 :
787 2103 802 2138 «
823 2076 1078 2165 Antiquornm¹
1099 2075 1322 2146 admiratores

199 2195 295 2263 hunc
311 2193 408 2264 velut
427 2193 614 2262 terminum
634 2192 845 2281 antiquitatis
868 2193 1074 2262 constituere
1100 2194 1224 2278 solent,
1245 2193 1323 2262 Cas·

199 2312 290 2380 sium
319 2313 495 2395 Severum,
524 2329 628 2397 quem
654 2309 804 2398 primum
831 2307 1002 2377 affirmant
1029 2309 1165 2378 flexisse
1194 2312 1237 2377 ab
1265 2309 1324 2377 illa

198 2432 314 2495 vetere
333 2433 434 2514 atque
454 2424 581 2495 directa
599 2424 734 2493 dicendi
753 2425 821 2493 via.
840 2450 857 2488 »
874 2424 1008 2492 Primus
1027 2425 1120 2494 enim
1143 2453 1159 2487 «
1175 2422 1323 2514 impedi-

198 2542 412 2610 tissimarum
432 2540 628 2609 orationum
646 2540 753 2630 spatia
767 2543 790 2624 ³,
812 2539 952 2630 longam
970 2540 1215 2630 principiorum
1235 2560 1324 2630 prae·

198 2657 425 2748 parationem,
443 2656 648 2725 narrationis
662 2658 729 2725 alte
744 2657 922 2746 repetitam
936 2657 1072 2738 seriem,
1088 2663 1121 2726 61
1137 2657 1324 2725 multarum

199 2771 411 2841 divisionum
427 2771 704 2853 ostentationem,
722 2777 756 2839 et
770 2770 865 2839 milla
881 2776 1163 2858 argumentorum
1183 2771 1320 2860 gradus

199 2891 234 2954 et
262 2885 430 2974 praecepta
458 2884 634 2953 rhetorum
661 2892 720 2953 ant
746 2885 1030 2974 philosophorum
1057 2887 1180 2975 placita
1206 2913 1221 2948 »
1247 2905 1323 2975 quae

199 3000 285 3069 olim
299 3000 497 3089 imperitum
516 3005 551 3070 et
567 3000 690 3069 rudem
705 3002 872 3091 populum
889 3001 1117 3088 delectabant,
1134 3023 1228 3071 nunc
1243 3022 1324 3071 vero

199 3115 375 3185 auditores
406 3115 528 3185 studiis
556 3117 665 3206 magis
698 3115 849 3185 imbutos
881 3123 915 3185 et
942 3118 1194 3188 festinantiores
1225 3115 1323 3186 taedio

199 3230 386 3316 afficerent,
411 3230 559 3320 denique
585 3258 601 3293 «
623 3233 755 3301 tristem
784 3238 817 3301 et
846 3232 1018 3322 impexam
1042 3234 1279 3322 antiquitatem
1305 3259 1321 3293 1

199 3348 395 3436 relinquere
420 3349 531 3438 coepit.
554 3348 688 3417 Primus
711 3376 727 3411 «
748 3349 890 3418 laetitia⁸
913 3355 947 3418 et
969 3348 1224 3439 pulchritudine
1248 3369 1325 3418 ora·

199 3464 318 3548 tionis,
335 3468 455 3552 arguta
470 3470 504 3533 et
520 3463 615 3533 brevi
629 3466 799 3533 sententia
810 3491 826 3526 »
838 3463 991 3553 J'udicem
1004 3466 1141 3536 allicere
1155 3473 1189 3535 et
1208 3473 1324 3535 161616

200 3579 324 3648 voluit.
1318 3636 1321 3640 .

246 3695 380 3764 Tacitus
392 3701 508 3765 autem
523 3695 762 3765 animadvertit
778 3702 811 3765 et
826 3696 1027 3766 contendit«
1039 3718 1109 3766 non
1125 3698 1323 3766 infirmitate

200 3811 361 3900 ingenii⁸
387 3831 452 3880 nec
477 3812 611 3881 inscitia
639 3812 826 3881 litterarum
853 3814 1067 3883 transtulisse
1096 3834 1133 3882 sc
1158 3811 1202 3882 ad
1230 3810 1325 3879 aliud

202 3925 338 3996 dicendi
355 3948 477 4016 genus,
495 3925 557 3996 sed
568 3925 696 4017 judicic
711 3933 746 3997 et
760 3929 948 3999 intellectu.
964 3928 1058 3999 Vidit
1076 3947 1225 4017 namque
1245 3945 1323 3996 cum

205 4043 407 4112 condicione
419 4027 614 4134 temporum
628 4050 661 4113 ct
676 4043 872 4114 diversitate
886 4046 1021 4113 aurium
1030 4045 1178 4114 formam
1189 4063 1325 4134 quoque

239 4315 260 4362 l.
276 4313 376 4372 Quian,
394 4313 428 4374 x,
440 4315 464 4376 1,
476 4315 595 4364 lle-2.
610 4311 692 4375 mot,
708 4315 768 4362 19.-
779 4314 812 4362 ·3.
827 4310 960 4364 idid-i.
975 4311 1057 4373 viat,
1073 4315 1153 4363 211-
1163 4315 1186 4363 5.
1201 4311 1326 4378 reid.,rt.
