3094 5062
648 481 832 546 ,39-

188 673 206 708 «
227 650 346 714 contra
366 642 471 712 duros
491 647 524 712 et
542 663 682 734 asperos
705 649 820 733 patres
837 642 1026 732 interponit
1043 641 1313 712 misericordiam

187 780 250 851 pro
284 781 346 828 sua
373 764 483 829 aetate.
513 760 741 849 Sumptuosus
769 764 822 828 est
849 755 1100 827 misericordiae.
1122 759 1262 848 Aliquid
1281 767 1315 830 et

186 855 464 946 mendicantibus
483 875 642 964 porrigit;
663 880 697 944 et
716 876 857 962 multos,
875 872 1021 942 fortunae
1039 873 1167 962 injuria
1182 875 1310 964 lapsos,

186 997 358 1061 sustentat
372 996 475 1080 atque
490 991 599 1080 erigit.
618 991 783 1069 Quotiens
802 989 976 1060 infelicem
996 987 1089 1058 videt
1108 990 1260 1080 aliquem
1279 998 1314 1061 et

185 1108 371 1177 necessarii
404 1107 507 1176 etiam
541 1108 653 1176 victus
687 1112 864 1195 egentem,
899 1106 1056 1176 lacrimas
1093 1111 1209 1176 tenere
1242 1127 1312 1175 non

185 1229 312 1314 potest.
325 1222 425 1293 Solus
440 1223 636 1292 mortalium
651 1222 787 1292 videtur
801 1242 904 1291 usum
918 1223 1073 1311 pecuniae
1086 1223 1309 1293 intellexisse.

186 1339 274 1419 Quid
294 1345 365 1407 tam
387 1341 554 1422 naturale,
576 1338 659 1427 quid
676 1337 718 1407 ab
740 1339 813 1428 ipsa
831 1336 1046 1428 providentia
1065 1337 1174 1427 magis
1193 1337 1313 1407 datum

185 1475 460 1544 concessumque
475 1455 584 1525 videri
597 1460 724 1546 potest,
740 1475 844 1544 quam
861 1453 952 1524 alere
969 1453 1130 1524 homines
1149 1474 1189 1522 ac
1207 1455 1313 1524 susti·

185 1576 289 1642 nere?
308 1599 325 1634 »

228 1689 351 1756 Nonne
374 1705 416 1756 ex
435 1686 490 1755 his
510 1686 744 1775 intellegimus
768 1706 883 1755 mores
907 1686 1059 1756 mitiores
1081 1685 1188 1756 factos
1212 1690 1312 1756 esse‘l

181 1805 307 1872 Nonne
322 1802 451 1872 scimus
465 1802 561 1892 leges
575 1802 610 1870 in
626 1802 699 1872 dies
719 1802 835 1871 minus
850 1805 990 1872 acerbas
1000 1801 1131 1871 inisse?
1144 1803 1310 1872 Rhetores

184 1925 299 1988 autem
314 1917 358 1987 ad
378 1917 440 1986 hes
459 1937 514 1987 res
534 1938 660 2007 magno
680 1916 879 2007 adjumento
898 1918 1061 1986 fuerunt¹
1079 1942 1086 1984 :
1106 1918 1231 2007 quippe
1251 1919 1309 2006 qui

184 2035 412 2124 iniquitatem,
446 2033 695 2124 impudicitiam
728 2039 829 2122 atque
857 2032 1091 2102 crudelitatem
1120 2034 1308 2122 saepissime

180 2150 337 2222 insectati
357 2150 436 2235 sint,
455 2150 594 2239 jusque,
619 2148 875 2236 verecundiam,
901 2149 1090 2219 castitatem
1113 2153 1147 2218 et
1171 2150 1305 2218 miseri-

180 2264 337 2334 cordiam
356 2265 548 2355 saepissime
566 2265 814 2336 laudaverint¹.

224 2381 361 2451 Cassius
386 2382 532 2450 Severus
551 2382 587 2449 in
607 2382 662 2452 his
686 2382 813 2451 scholis
839 2381 1017 2451 institutus
1040 2387 1107 2466 est;
1129 2381 1218 2450 inter
1241 2381 1306 2451 hos

177 2498 427 2567 declamatores
442 2498 587 2568 oratoris
603 2518 732 2568 nomen
751 2497 902 2568 retinuit.

207 2728 229 2776 l.
246 2728 338 2777 Trvrrn
357 2731 429 2778 recte
445 2731 522 2790 putat
541 2728 647 2790 legibus
661 2727 839 2778 emendandis
856 2726 1051 2777 declamatores
1070 2725 1193 2776 nonnihil
1208 2731 1303 2778 contu·

173 2799 250 2850 lisse.
264 2817 276 2844 n
294 2798 378 2849 Multa
393 2799 554 2849 dicebantur
567 2813 636 2862 quae,
651 2813 712 2850 cum
730 2799 802 2862 jnris
821 2799 967 2849 formulam
986 2796 1158 2860 excederent,
1173 2799 1304 2860 paulatim

173 2874 282 2920 mentes
294 2869 329 2920 ad
345 2869 484 2921 meliorem
496 2870 638 2934 judicandi
655 2884 775 2921 normam
791 2869 939 2920 flecterent.
957 2891 967 2910 »
985 2869 1042 2932 (Op.
1056 2869 1111 2932 cit,
1127 2882 1154 2931 p.
1171 2871 1235 2933 tel.)
1291 2865 1294 2870 '

205 2944 230 2991 2.
249 2940 327 3001 Quod
353 2940 498 2992 manifesto
520 2941 639 2993 ostendit
652 2943 729 2992 nnus
747 2941 775 2990 in
792 2954 842 2992 auo
861 2939 1002 2991 excellenti
1023 2953 1114 3003 opere,
1129 2940 1245 2992 Histoire
1259 2942 1305 2992 des

171 3013 289 3063 theorice
302 3014 329 3063 et
340 3011 386 3064 dea
400 3014 468 3064 idces
481 3013 593 3064 morales
606 3013 674 3064 dona
688 3012 846 3078 l’ontiquite,
863 3015 882 3062 t.
894 3011 926 3071 ll,
939 3026 965 3074 p.
979 3013 1068 3062 83-195
1084 3011 1178 3076 (1856).
1193 3041 1224 3050 -
1237 3013 1303 3065 Vide

168 3083 295 3148 Append.
