3094 5062
641 520 803 586 „31-

158 693 364 778 argumenta
383 705 403 752 a
420 682 547 752 fabulis
567 683 689 752 Graecis
711 689 848 774 sumpta
868 705 944 755 esse
958 688 981 771 ¹,
997 688 1107 756 multa
1131 709 1212 757 vero
1240 690 1281 758 ab

158 802 370 892 argumentis
385 799 667 880 declamatorum,
685 801 743 887 qui
758 807 876 889 postea
896 802 1067 887 vixerunt,
1087 825 1156 872 non
1177 806 1282 896 longe
1344 785 1349 794 ⁵

161 919 357 988 abhorrere.
381 915 466 993 Quid
486 913 579 1004 quod
597 916 633 982 in
656 915 712 984 his
730 915 825 984 libris
845 919 1092 987 controversias
1112 918 1155 987 de
1180 920 1282 989 rebus

159 1033 308 1102 insuetis
332 1037 366 1100 et
381 1033 476 1120 leges
490 1032 587 1102 fictas
597 1029 830 1120 reperimus²l
917 1089 921 1098 .

200 1147 299 1227 Quod
330 1149 358 1216 si
380 1148 484 1238 igitur
502 1152 621 1238 postea
640 1146 794 1215 rhetores
815 1147 869 1216 his
894 1151 1105 1237 argumentis
1134 1150 1283 1220 insolitis

160 1272 193 1334 et
209 1262 385 1334 interdum
402 1264 514 1332 stultis
529 1263 582 1330 usi
597 1269 690 1344 sunt,
710 1282 780 1330 non
801 1263 900 1350 primi
920 1263 992 1332 haec
1012 1273 1187 1354 ceperunt,
1211 1288 1280 1334 non

157 1383 259 1471 primi
281 1384 519 1469 peccaverunt.
551 1377 616 1448 Sed
637 1385 735 1446 aetate
769 1379 940 1446 Ciceronis
969 1379 1169 1448 declamatio
1204 1403 1280 1449 ora-

156 1495 266 1566 torem
289 1496 362 1564 foro
386 1494 536 1584 parabat,
564 1503 599 1563 et
621 1514 712 1562 verae
736 1495 942 1582 eloquentiae
972 1494 1155 1584 splendore
1182 1497 1279 1586 qiiasi

156 1610 419 1697 obscurabatur3
437 1618 556 1699 postea
569 1615 685 1678 autem
700 1608 899 1679 declamatio
915 1611 1155 1680 tantummodo
1172 1613 1279 1682 decla·

156 1727 300 1796 mationi
318 1726 582 1795 declamatorem
603 1723 758 1815 parabat,
776 1732 810 1793 et
829 1746 945 1794 veram
966 1727 1196 1815 eloquentiam
1216 1749 1279 1796 suo

155 1844 291 1934 fulgore
306 1841 482 1912 obruebat.

156 2000 166 2014 ι
206 1962 374 2029 Praeterea
404 1979 448 2028 ne
484 1958 742 2038 obliviscamur,
775 1957 866 2046 quod
904 1957 947 2027 ad
980 1965 1137 2028 veterum
1169 1959 1281 2027 studia

153 2094 340 2164 moresque
367 2077 401 2142 et
424 2072 559 2140 animos
581 2072 739 2160 pertinet,
767 2063 1031 2140 declamationes
1056 2093 1125 2140 non
1152 2073 1281 2161 aliquot

152 2211 264 2258 annos
285 2187 346 2257 sed
365 2189 495 2276 aliquot
509 2189 634 2256 saecula
651 2208 813 2276 prospere
832 2188 994 2274 viguisse.
1015 2188 1150 2258 Etenim
1171 2189 1279 2256 multo

152 2313 231 2396 post
246 2308 410 2374 Senecam
421 2310 454 2372 et
470 2305 714 2382 Quintilianum
731 2302 997 2372 declamationes
1013 2303 1049 2370 in
1064 2304 1191 2372 scholis
1206 2325 1278 2371 non

152 2423 361 2517 languerunt
387 2426 444 2489 aut
463 2426 687 2488 evanuerunt.
711 2420 802 2488 Vixit
824 2418 974 2488 Adriano
996 2420 1199 2508 imperatore
1221 2419 1278 2487 ille

152 2539 360 2629 Calpurnius
388 2537 529 2605 Flaccus
556 2557 577 2603 a
604 2557 672 2624 quo
699 2544 885 2624 supersunt
910 2542 1078 2624 excerptae
1102 2537 1279 2604 Declama-

151 2657 267 2725 tiones
287 2649 317 2720 X
337 2655 516 2722 rhetorum
539 2654 729 2733 minorum,
751 2672 839 2741 quae,
857 2652 1080 2734 brevissimae,
1103 2673 1173 2720 non
1198 2659 1279 2719 sunt

151 2772 328 2840 orationes
351 2769 412 2838 sed
430 2769 546 2858 potius
564 2767 706 2851 indices,
729 2768 819 2836 etin
844 2767 948 2835 rebus
968 2769 1158 2857 saepissime
1179 2775 1280 2835 antea

151 2887 301 2955 tractatis
340 2890 534 2954 versantur.
565 2885 656 2952 Vixit
692 2891 789 2953 sexto
826 2883 953 2951 saeculo
992 2889 1071 2972 post
1107 2881 1277 2951 Christum

152 3003 298 3090 Magnus
333 3000 511 3070 Ennodius
544 3001 731 3089 Episcopus
764 2999 966 3080 Ticincnsis,
1003 2999 1062 3088 qui
1095 2997 1275 3080 dictiones

151 3117 410 3186 Controversias
425 3122 483 3198 aut
498 3115 646 3202 Ethicas,
663 3117 699 3182 in
719 3115 844 3203 quibus
863 3116 951 3182 nihil
971 3116 1052 3184 novi
1073 3115 1274 3204 reperimus,

150 3233 366 3302 declamavit.
398 3233 579 3301 Fateamur
605 3232 709 3321 igitur
737 3231 1020 3299 declamationem
1055 3229 1184 3298 diutius
1213 3228 1276 3296 flo-

150 3349 261 3417 ruisse
277 3367 380 3436 quam
400 3353 438 3416 ut
456 3345 620 3416 ridiculus
641 3368 717 3415 mos
734 3346 917 3416 haberetur
935 3367 941 3411 :
960 3345 1090 3435 Quippe
1111 3345 1163 3410 hae
1183 3363 1277 3412 exer·

148 3456 330 3524 citationes
363 3474 434 3522 non
467 3455 580 3522 solum
617 3461 769 3523 mentem
806 3452 1035 3535 delectabant,
1071 3450 1132 3520 sed
1170 3452 1274 3520 etiam

181 3727 203 3774 l.
217 3725 344 3780 Orestes..
359 3724 395 3775 cd
408 3726 479 3787 Her,
494 3728 565 3786 1‚1o;
582 3725 601 3786 l,
618 3729 660 3788 163
676 3725 708 3776 de
724 3727 832 3784 lavent„
847 3726 865 3784 I,
884 3728 922 3788 13,
937 3729 973 3776 lt.
987 3756 1018 3763 -
1036 3729 1142 3792 Ulysses
1158 3733 1184 3776 et
1199 3727 1276 3789 Ajax,

143 3795 185 3846 ud
199 3796 269 3853 Her„
286 3797 306 3857 l,
326 3799 368 3857 ll;
384 3797 417 3860 Il,
434 3798 601 3858 19;de1uu.,
620 3798 639 3858 l,
658 3800 680 3847 8.

178 3868 202 3916 2.
220 3867 286 3917 Vide
304 3867 339 3916 ad
362 3869 432 3930 Her„
448 3871 468 3931 1,
485 3873 526 3932 ll;
542 3870 574 3919 dc
597 3869 661 3927 lna,
678 3869 709 3928 ll,
726 3871 764 3918 51.
779 3869 860 3919 Navis
880 3873 906 3920 et
925 3874 1052 3931 aegrotus.
1067 3870 1155 3918 —Ad
1171 3871 1239 3926 Her„
1254 3870 1275 3930 l,

146 3942 187 3988 ll.
202 3939 296 4001 Augur
309 3938 342 3989 de
351 3941 472 4001 pecuniis
488 3941 643 4002 repetundis
654 3940 808 3990 damnatus.
818 3969 847 3977 —
859 3942 893 3990 De
903 3943 968 4002 Ina,
978 3942 997 4001 l,
1013 3945 1037 3990 8.
1051 3943 1077 3991 Si
1094 3943 1154 4004 quis
1168 3955 1274 3991 sacrum

135 4024 180 4060 ex
204 4010 310 4073 privato
334 4011 502 4074 surripuerit,
519 4016 610 4061 utrum
631 4013 672 4061 tur
691 4025 724 4061 an
744 4013 891 4074 sacrilegus
906 4013 940 4062 sit
953 4013 1128 4074 judicandus.
1145 4039 1174 4048 —
1188 4013 1219 4072 ll,
1235 4015 1274 4062 at.

144 4081 254 4130 Vitulus
270 4082 371 4130 Dianae.
387 4109 418 4119 -
439 4083 532 4134 Hostia
550 4082 824 4134 Lacedaemoniorum.
839 4111 870 4119 —
887 4084 920 4143 ll,
938 4085 976 4132 32.
992 4085 1047 4133 Lex
1060 4083 1132 4146 apud
1154 4083 1275 4134 Rhodios

145 4153 182 4202 de
203 4153 319 4201 navibus
341 4154 474 4204 rostratis.
490 4181 519 4192 -
537 4153 569 4216 ll,
585 4157 623 4204 te.
639 4155 676 4204 De
696 4155 780 4216 patris
803 4155 902 4204 mortui
920 4156 1009 4204 verbis
1027 4155 1170 4215 ambiguis.
1186 4183 1217 4191 -
1237 4156 1274 4205 Dc

144 4237 249 4275 corone
264 4237 346 4273 aurea
367 4227 525 4276 meretricis.
540 4253 572 4262 -
585 4226 616 4287 ll,
632 4227 670 4275 49.
687 4227 724 4276 De
739 4225 827 4276 occiso
850 4229 973 4290 tyranno.
989 4227 1067 4289 -ΙΙ,
1083 4229 1121 4276 50.
1137 4227 1174 4277 De
1189 4227 1274 4290 parri-

144 4294 212 4345 cidii
228 4295 387 4346 hereditate.
