3148 5042
734 551 782 570 ·-·
803 521 902 584 702·-

300 686 409 756 Geteri
434 691 562 769 autem,
585 685 644 774 qui
670 692 823 774 tempore
845 684 988 772 Augusti
1012 684 1182 767 vixerunt,
1206 683 1374 754 declama-

261 809 365 889 toreS,
384 801 482 871 inviti
497 802 611 883 etiam,
628 799 705 868 iacti
721 806 814 886 sunt,
831 801 958 890 quippe
976 801 1035 888 qui
1054 820 1074 868 a
1092 799 1375 870 declamatoribus

258 919 481 991 circumventi
502 924 536 986 et
556 917 685 985 laudati
709 919 828 988 vivant
853 939 861 985 :
889 938 968 986 cum
991 917 1026 984 in
1048 916 1150 986 rebus
1175 918 1262 986 lictis
1289 915 1374 986 deti-

255 1043 399 1120 nentur,
426 1055 505 1104 cum
533 1034 703 1103 suasorias
731 1042 765 1103 et
789 1034 1039 1103 controversias
1064 1054 1133 1102 non
1157 1033 1269 1103 solum
1293 1033 1376 1101 adu·

256 1155 442 1237 lescentes,
464 1148 525 1218 sed
541 1150 688 1239 juvenes
707 1157 741 1218 31
761 1169 862 1218 senes
888 1150 991 1219 etiam
1014 1154 1167 1234 tractant,
1188 1155 1222 1218 31
1241 1168 1375 1238 semper

256 1273 402 1337 tractare
432 1271 601 1355 pergunt,
635 1246 714 1334 cum
748 1265 875 1354 saepius
906 1265 941 1332 in
975 1263 1066 1333 ludis
1098 1285 1201 1354 quam
1233 1263 1269 1332 in
1300 1263 1374 1333 loro

255 1382 462 1465 declamant,
502 1381 693 1449 scholastici
724 1383 811 1451 inter
848 1380 1067 1450 scholasticos
1100 1385 1244 1462 exstant,
1273 1385 1375 1469 atque

255 1475 391 1588 poetico
411 1496 649 1585 exquisitaque
667 1495 789 1566 decore
806 1497 991 1585 percellere
1010 1500 1044 1564 et
1061 1515 1277 1585 corrumpere
1291 1515 1375 1563 con-

256 1613 447 1702 discipulos
463 1618 522 1680 aut
532 1610 666 1701 judices
681 1618 850 1701 coguntur
866 1639 874 1681 :
892 1611 973 1681 inde
986 1611 1217 1702 pulchriorem
1231 1617 1265 1680 31
1278 1630 1377 1679 orna·

259 1728 382 1798 liorem
398 1728 587 1797 orationem
601 1728 770 1817 prosecuti
786 1734 877 1796 sunt.

255 1865 259 1869 ·
308 1843 406 1923 Quod
435 1844 463 1911 si
484 1843 588 1933 igitur
606 1844 678 1912 suis
699 1844 883 1913 virtutibus
907 1849 941 1913 31
965 1845 1057 1913 vitiis
1072 1844 1208 1914 Cassius
1231 1844 1378 1913 Severus

257 1959 299 2031 ab
323 1961 426 2028 attice
455 1979 580 2048 genere
604 1979 674 2028 non
699 1960 848 2028 multum
872 1959 992 2029 abesse
1019 1959 1166 2044 videtur,
1189 1958 1231 2028 ab
1255 1958 1378 2028 eodem
1409 2039 1413 2046 .

257 2082 379 2146 contra
400 2074 561 2144 abhorret
585 2074 732 2164 quadam
757 2077 889 2145 ratione
912 2097 1015 2165 quam
1038 2077 1074 2143 in
1103 2074 1195 2145 ludis
1218 2075 1378 2143 usitatam

258 2192 393 2262 invenit
412 2198 514 2280 atque
532 2212 553 2260 3
572 2193 693 2261 ceteris
714 2190 1000 2261 declamatoribus
1019 2193 1175 2282 sumpsit,
1198 2189 1233 2258 id
1251 2197 1303 2260 est
1318 2191 1380 2258 illa

262 2306 446 2376 immodica
464 2307 739 2396 amplificatione,
755 2327 859 2397 quam
874 2328 977 2397 supra
991 2307 1288 2396 reprehendimus.-

151 2499 154 2505 ,
252 2513 255 2518 ,
302 2422 389 2494 Vide
418 2422 508 2490 hanc
532 2425 629 2513 quasi
652 2425 818 2512 puerilem
842 2425 1049 2512 congeriem,
1075 2444 1153 2512 quae
1177 2424 1251 2492 sine
1272 2420 1379 2492 dubio

258 2537 495 2608 adulescentes
518 2546 553 2607 et
578 2560 679 2609 senes
703 2540 882 2608 audientes
906 2538 1096 2609 delectavit.
1120 2566 1137 2602 α
1164 2539 1274 2607 hinc¹
1299 2539 1378 2608 caeci

261 2654 447 2723 innitentes
469 2653 601 2724 baculis
621 2661 801 2746 vagantur,
823 2656 904 2724 hinc
928 2663 1049 2724 trunca
1073 2654 1211 2723 brachia
1233 2655 1378 2723 circum-

256 2769 388 2869 ierunt,
409 2768 490 2838 huic
504 2771 661 2838 convulsi
675 2769 804 2859 pedum
823 2771 954 2839 articuli
974 2778 1056 2840 sunt
1070 2776 1103 2841 et
1116 2769 1194 2840 torti
1210 2771 1281 2856 tali,
1298 2769 1381 2838 huic

262 2885 346 2955 elisa
372 2905 482 2971 crura,
511 2885 604 2953 illius
629 2886 803 2956 inviolatis
828 2885 973 2975 pedibus
1001 2886 1223 2974 cruribusque
1251 2885 1381 2954 semina

261 2999 416 3070 contudit
432 3024 439 3066 :
457 3001 555 3069 aliter
568 3001 604 3067 in
619 3021 791 3091 quemque
806 3002 951 3072 saeviens
965 3002 1150 3091 ossifragus
1160 3003 1224 3071 iste
1238 2999 1380 3070 alterius

261 3115 400 3197 brachia
417 3121 581 3206 amputat,
597 3116 740 3187 alterius
754 3125 907 3205 enervat,
924 3119 1030 3186 alium
1048 3117 1251 3207 distorquet,
1272 3118 1380 3186 alium

257 3229 448 3330 *delumbat
466 3231 813 3302 alterius‘deminutas
828 3234 984 3322 scapulas
1004 3235 1040 3301 in
1056 3232 1209 3304 deforme
1222 3233 1381 3303 extundit

262 3353 295 3414 et
321 3345 429 3413 risum
449 3347 703 3417 incrudelitate
722 3354 844 3437 captat.
866 3346 1012 3435 Produc,
1033 3347 1194 3438 agedum,
1214 3347 1381 3418 familiam

261 3462 476 3548 semivivam,
502 3465 696 3550 tremulam,
724 3463 886 3551 debilem,
911 3485 1052 3549 caecam,
1077 3481 1248 3552 mancam,
1271 3465 1382 3534 fame·

260 3577 377 3666 licam3
395 3576 537 3647 ostende
556 3580 655 3649 nobis
669 3581 821 3671 captivos
837 3587 926 3650 tuos.
943 3581 1028 3651 Volo
1048 3580 1262 3650 mehercules
1277 3602 1383 3651 nosse

259 3690 359 3761 illum
383 3713 525 3783 specum
550 3700 661 3782 tuum,
680 3696 774 3765 illam
797 3697 1025 3766 humanarum
1050 3697 1281 3766 calamitatum
1305 3697 1383 3766 offi-

264 3809 389 3895 cinam,
412 3809 497 3877 illud
522 3809 706 3880 infantium
729 3813 939 3902 spoliarium.
970 3815 1037 3882 Sua
1060 3814 1185 3903 cuique
1208 3813 1383 3882 calamitas

261 3931 423 4014 tanquam
449 3945 503 3994 ars
526 3924 725 4016 adsignatur
747 3950 755 3997 :
776 3928 858 3997 huic
882 3934 975 3998 recta
995 3929 1151 3998 membra
1174 3933 1255 3997 sunt
1279 3937 1324 4011 31,
1351 3929 1381 3997 si

287 4165 310 4213 l.
326 4133 396 4224 Sara,
415 4163 500 4225 Cant,
516 4165 545 4223 x,
565 4165 594 4215 33
610 4180 616 4216 :
636 4184 648 4210 a
662 4164 710 4216 Rei
730 4165 845 4230 publicae
864 4166 933 4218 laesae
954 4167 990 4217 sit
1009 4167 1088 4217 actio.
1108 4167 1222 4228 Quidum
1242 4169 1380 4229 expositos

257 4233 414 4285 debilitabat
428 4239 456 4285 et
470 4235 625 4286 debilitatos
639 4236 794 4290 mendicare
808 4239 921 4300 cogebat
931 4253 962 4290 ac
977 4237 1128 4290 mercedem
1144 4239 1269 4302 exigebat
1283 4239 1316 4290 ab
1331 4239 1379 4290 eis.

203 4329 204 4333 =
256 4305 304 4356 Rei
316 4303 431 4370 publicae
445 4306 515 4356 laesoe
527 4312 677 4359 accusatur.
693 4325 706 4354 u
