3094 5062
519 1358 677 1490 CAPUT
705 1417 905 1492 PRIMUM.

278 1733 314 1778 ott
335 1731 427 1778 CASSI!
449 1731 552 1779 SEVERI
572 1733 638 1780 viril
659 1735 694 1780 ET
715 1734 751 1780 DE
773 1733 915 1787 Looonbol
935 1735 971 1781 Ac
998 1736 1150 1783 scalenum

498 1839 574 1886 APUD
596 1840 730 1887 nominos
753 1841 924 1887 bracaram„

194 2099 400 2168 Paucissima
438 2098 480 2169 de
504 2100 609 2168 Cassii
633 2100 747 2169 Severi
775 2101 844 2168 vita
868 2101 1008 2186 scimus,
1035 2108 1136 2190 atque
1164 2104 1269 2172 etiam
1321 2107 1325 2111 ’

150 2213 287 2305 quando
307 2221 341 2284 et
359 2215 417 2283 ubi
436 2222 538 2284 natus
557 2217 599 2284 sit
619 2218 627 2250 ¹
651 2217 861 2304 ignoramus.
887 2243 903 2280 α
924 2216 1076 2286 Sordidae
1109 2219 1267 2308 originis,

149 2331 313 2400 maleficae
328 2331 404 2400 vitae
421 2358 451 2416 »‚
472 2337 511 2399 ut
528 2331 574 2399 ait
588 2332 734 2417 Tacitus,
759 2333 917 2422 egregius
936 2339 1048 2401 orator
1067 2339 1100 2402 et
1121 2334 1267 2423 scriptor

149 2447 302 2530 acerbus,
330 2445 413 2514 dum
438 2446 551 2514 verbis
573 2454 606 2515 et
627 2446 750 2515 libellis
775 2448 1030 2536 potentissimos
1058 2449 1151 2518 cives
1178 2471 1269 2539 praa-

149 2564 314 2654 cipueque
336 2563 498 2652 principis
516 2561 700 2630 familiares
720 2562 871 2649 incessit,
893 2564 1055 2633 omnibus
1074 2566 1196 2634 terrori
1215 2572 1268 2653 est
1321 2573 1325 2584 ‘

149 2679 233 2749 etin
248 2699 285 2748 se
301 2676 417 2746 odium
438 2676 604 2746 incendit.
650 2686 652 2690 ’

193 2795 342 2863 Nonium
373 2793 611 2882 Asprenatem,
647 2798 684 2860 ut
716 2793 781 2861 hoo
816 2796 973 2883 exemplo
1007 2799 1094 2872 utar,
1125 2797 1270 2882 Augusti

148 2910 308 2994 amicum,
335 2909 491 2978 venalicii
514 2929 674 2977 accusare
699 2929 769 2976 non
798 2907 942 2995 dubitat,
969 2911 1139 2999 multique
1163 2912 1270 3000 scrip·

149 3034 240 3095 tores
253 3027 264 3060 ¹
278 3024 368 3094 hano
382 3022 546 3094 audacem
561 3031 595 3094 et
615 3044 694 3092 vere
713 3025 889 3114 antiquam
912 3027 1101 3095 orationem
1120 3047 1270 3096 comme-

149 3147 385 3211 moraverunt.

193 3259 268 3324 Non
284 3256 397 3324 solum
412 3255 602 3323 maledictis
618 3260 652 3323 et
667 3254 877 3324 orationibus
893 3256 954 3324 sed
969 3255 1094 3325 libellis
1109 3257 1270 3328 homines

147 3373 362 3461 feminasque
381 3371 580 3440 insectatur.

193 3488 313 3556 Primis
341 3473 551 3576 principatus
588 3486 688 3553 annis
717 3487 892 3574 Augustus
924 3487 979 3555 his
1012 3487 1203 3557 maledictis
1237 3494 1270 3556 et

147 3602 272 3671 libellis
289 3608 616 3692 parum‘comrnotus
631 3622 707 3671 esse
723 3602 870 3671 videtur.
883 3604 958 3670 Non
973 3602 1156 3672 Suetonius
1172 3605 1270 3672 solus

147 3719 214 3787 hoo
229 3717 390 3800 ostendit,
413 3717 472 3787 sed
493 3718 592 3786 mulli
612 3717 681 3786 alii.
700 3718 786 3788 Dion
802 3719 937 3786 Cassius
957 3739 1021 3787 nos
1041 3719 1206 3788 admonet
1226 3718 1269 3788 de

151 3979 155 3984 '
178 3978 200 4023 l.
224 3974 274 4022 Diu
295 3973 368 4022 docti
387 3973 563 4023 crediderunt
587 3973 662 4022 illurn
683 3974 810 4035 Longulae
829 3977 923 4022 natum
945 3987 1003 4023 essa
1023 3987 1056 4023 ex
1081 3973 1158 4023 Plinii
1178 3972 1268 4025 verbis

145 4045 239 4108 (ludere
252 4047 400 4105 auctorum,
416 4043 478 4093 libri
496 4044 595 4107 XXXV)
612 4059 618 4093 :
634 4066 644 4086 «
658 4044 748 4094 Cassio
766 4045 863 4094 Severo
878 4044 1034 4106 Longulano
1049 4067 1071 4093 u.
1085 4044 1161 4094 Nune
1177 4050 1268 4096 autem

145 4117 185 4165 sic
199 4115 256 4166 haec
271 4117 353 4165 verba
365 4115 540 4165 scribuntur:
557 4137 567 4157 ι
581 4116 671 4165 Cassio
686 4116 794 4180 Severo,
806 4115 962 4180 Longulano
978 4139 1000 4164 ».
1014 4117 1089 4166 Nunc
1102 4116 1269 4167 urbitrantur

145 4188 221 4237 illum
241 4187 312 4237 circu
333 4200 434 4236 annum
455 4189 484 4234 ll
498 4190 561 4236 ante
576 4186 638 4238 Chr.
656 4191 748 4236 natum
766 4200 837 4247 csse3
854 4200 908 4236 non
928 4187 1010 4248 igitur
1028 4189 1054 4236 in
1074 4187 1161 4250 illum,
1179 4191 1208 4236 ut
1223 4189 1268 4238 alii

144 4263 314 4321 putaverant,
334 4259 435 4309 llorutii
453 4257 624 4308 contumeliae
642 4257 769 4307 immissae
783 4262 846 4306 sunt
861 4257 1031 4322 (Epod.,V1).

177 4333 200 4378 2.
219 4330 318 4390 Qunam,
335 4331 366 4390 X,
382 4333 404 4390 l,
420 4331 459 4378 22.
475 4355 504 4364 -
520 4329 600 4390 Peru,
614 4329 645 4377 N.
661 4329 703 4389 11,
718 4329 813 4391 XXXV,
830 4331 884 4378 lot.
