3148 5042
571 872 637 956 §l
658 879 710 936 De
733 888 869 948 genere
894 875 1054 934 dicendi.

257 1073 262 1086 ·
298 1087 315 1123 «
332 1061 415 1129 Cum
432 1061 441 1094 ¹
457 1065 585 1144 autem,
602 1059 649 1127 ait
663 1059 793 1143 Cicero,
811 1057 894 1146 quid
912 1063 946 1126 et
966 1078 1034 1147 quo
1054 1059 1131 1126 loco
1152 1056 1242 1126 dicat
1262 1065 1378 1128 orator

251 1177 435 1257 invenerit,
448 1174 534 1243 illud
550 1182 602 1244 est
616 1176 720 1264 longe
730 1175 922 1242 maximum
931 1172 1048 1242 videre
1057 1194 1209 1264 quonam
1224 1173 1341 1243 modo.
1356 1203 1374 1238 »

253 1293 376 1360 Putant
402 1292 497 1360 enim
517 1290 648 1381 antiqui
677 1290 909 1358 elocutionem
943 1295 1074 1378 partem
1098 1289 1210 1378 operis
1237 1290 1377 1358 oratorii

252 1405 489 1475 difficillimam
503 1414 537 1475 et
552 1406 701 1474 maxime
715 1406 890 1494 propriam
907 1407 1050 1474 oratoris
1069 1424 1157 1473 esse.

296 1524 378 1600 Quae
396 1522 500 1591 luerit
519 1521 624 1590 Cassii
641 1522 756 1590 Severi
775 1521 936 1607 elocutio,
952 1519 1210 1610 perspiciamus.

251 1807 277 1877 1.
300 1807 403 1892 Quod
425 1826 537 1894 penus
563 1807 707 1876 dicendi
729 1809 767 1875 in
796 1808 912 1877 Cassii
932 1809 1054 1878 Seueri
1074 1815 1175 1877 atate
1196 1810 1376 1895 floruerit.

294 1993 401 2074 Quam
428 1994 533 2062 Cassii
559 1994 673 2062 Severi
698 1994 927 2064 elocutionem
958 2014 1034 2063 esse
1056 2015 1181 2085 magna
1210 2016 1252 2064 ex
1280 2003 1379 2085 parte

251 2109 369 2199 generi
404 2107 540 2178 dicendi
577 2108 740 2191 similem,
772 2108 865 2197 quod
900 2115 1055 2199 tempore
1086 2109 1179 2178 illius
1217 2109 1375 2196 llorebat,

252 2246 394 2295 necesse
410 2230 474 2294 est.

295 2338 434 2430 Aliquid
454 2344 568 2408 autem
589 2344 643 2408 est
661 2341 837 2429 proprium
860 2340 1024 2409 orationis
1044 2361 1121 2430 quae
1145 2345 1226 2430 post
1243 2341 1377 2430 perfec·

251 2456 390 2526 tissimae
408 2454 614 2544 eloquentiae
635 2460 770 2524 aetatem
793 2456 895 2544 viget.
913 2456 1039 2545 Optimi
1058 2456 1152 2525 enim
1175 2457 1374 2546 scriptores,

251 2571 309 2660 qui
332 2571 368 2638 in
392 2570 461 2638 illis
481 2570 693 2659 temporibus
715 2571 887 2658 vixerunt,
909 2571 980 2640 fere
999 2572 1100 2661 primi
1123 2579 1372 2662 apparuerunt,

251 2691 353 2774 atque
373 2684 450 2754 ideo
474 2685 569 2753 locos
588 2706 803 2770 communes,
822 2706 909 2774 quos
928 2707 1051 2755 omnes
1075 2685 1235 2755 homines
1258 2688 1375 2755 animo

249 2799 347 2869 facile
366 2801 570 2890 percipiunt,
592 2807 933 2892 preoccupaverunt,
954 2807 988 2870 et
1011 2821 1066 2870 res
1084 2802 1283 2871 verissimas
1306 2802 1375 2869 cir·

250 2917 454 3005 cumscripte
487 2917 682 3006 etcopiose
713 2916 1020 3006 amplificaverunt.
1050 2915 1113 2997 Qui
1145 2919 1300 3006 perpetui
1333 2923 1369 2984 et

250 3032 403 3100 universi
423 3032 559 3121 generis
579 3034 806 3121 quaestionem
825 3038 978 3116 tractare,
997 3038 1030 3101 et
1044 3051 1229 3102 numerose
1245 3031 1372 3114 dicere,

251 3153 352 3237 atque
376 3167 498 3216 omncs
527 3149 624 3236 quasi
648 3150 684 3216 in
709 3148 879 3238 quadrum
902 3147 1059 3236 redigere
1075 3133 1272 3216 ¹sententias
1300 3165 1372 3214 non

251 3262 461 3332 dubitavere.
483 3263 666 3333 Auditores
686 3284 769 3333 vero
785 3264 861 3332 fusa
881 3269 915 3333 et
934 3264 1001 3332 lata
1025 3264 1192 3348 oratione,
1209 3261 1374 3331 concluso

251 3386 286 3448 et
313 3379 427 3468 amplo
456 3381 638 3450 verborum
669 3381 814 3450 circuitu
842 3379 1108 3450 delectaverunt.
1142 3381 1226 3448 Cum
1255 3377 1373 3447 omnia

252 3494 320 3562 sint
348 3495 445 3583 quasi
472 3497 634 3581 recentia,
662 3517 832 3564 summam
862 3496 910 3564 rei
935 3496 1040 3585 longo
1067 3502 1101 3564 et
1126 3497 1220 3564 lento
1252 3491 1375 3563 ordine

251 3609 421 3698 explicare
436 3617 634 3700 potuerunt.

295 3726 382 3804 Quid
406 3733 521 3797 autem
547 3736 732 3817 sequentes
752 3729 933 3818 scriptores
952 3727 1100 3796 facient?
1118 3725 1198 3815 quid
1227 3725 1374 3794 dicent?

250 3843 496 3932 etquomodo‘t

294 3959 369 4027 Non
401 3961 494 4029 enim
530 3960 667 4030 easdem
707 3982 761 4030 res
796 3961 974 4030 universas
1006 3965 1039 4029 ct
1073 3979 1172 4029 veras
1206 3965 1373 4048 repetere,

251 4073 443 4164 eodemque
466 4076 652 4145 verborum
675 4076 805 4146 ambitu
834 4097 953 4145 rursus
978 4075 1026 4146 uti
1057 4081 1215 4166 possunt.
1241 4077 1374 4164 Nempe

283 4314 308 4360 l.
328 4311 408 4368 Orat,
428 4314 467 4362 ts,
