3094 5062
541 1392 697 1467 dAPUT
721 1393 949 1467 TERTIUM.

255 1703 291 1748 llE
314 1702 492 1755 usdaudana
513 1701 578 1754 QUAE
598 1701 697 1747 AErarn
719 1702 812 1747 cassii
835 1702 937 1748 SEVERI
959 1702 1088 1748 radatur.
1112 1702 1148 1747 llE
1169 1702 1243 1748 turs

471 1808 688 1855 onninamente
709 1809 744 1854 ET
766 1809 1027 1855 uacaauaroalaus

230 2065 312 2142 Quis
335 2071 448 2132 orator
470 2062 573 2132 fuerit
598 2064 734 2132 Cassius
758 2065 904 2133 Severus
932 2093 948 2128 «
970 2064 1089 2133 orandi
1114 2066 1250 2134 validus
1275 2092 1305 2148 a,

185 2182 257 2270 qui,
278 2186 318 2248 ut
335 2179 489 2248 rhetores
508 2186 542 2248 et
561 2199 674 2248 rerum
696 2182 878 2269 scriptores
897 2180 1056 2265 latentur,
1074 2182 1134 2250 illo
1154 2186 1308 2271 tompore

186 2297 283 2387 quasi
321 2295 551 2384 principatum
583 2297 790 2384 eloquentiae
823 2299 950 2382 tenuit,
981 2325 997 2360 «
1023 2296 1174 2386 viditque
1198 2300 1207 2333 ¹
1232 2318 1307 2365 curn

187 2411 390 2481 condicione
401 2417 596 2501 temporum
611 2417 645 2480 et
658 2411 854 2481 diversitate
865 2414 999 2482 aurium
1012 2413 1158 2482 formam
1174 2434 1311 2503 quoque

187 2548 226 2596 ao
241 2527 392 2616 speciem
412 2527 576 2596 orationis
596 2547 673 2597 esse
693 2528 891 2596 mutandam
911 2555 942 2614 »,
960 2549 1118 2618 novaque
1133 2530 1255 2598 itinera
1269 2529 1310 2598 ad

185 2641 360 2713 auditores
381 2642 605 2712 delectandos
630 2644 796 2732 quaesivit,
819 2666 899 2713 mox
918 2664 980 2734 per
998 2651 1112 2734 partes
1132 2645 1312 2714 ostendere

189 2758 403 2829 conabimur.

230 2875 307 2943 Non
326 2894 408 2944 vero
428 2879 540 2964 potest
562 2874 606 2945 de
632 2876 746 2945 Cassio
769 2878 906 2958 Severe,
930 2881 1062 2946 oratore
1086 2883 1121 2945 et
1145 2875 1314 2946 declama·

188 2997 271 3073 tore,
294 2991 373 3079 jure
395 2990 595 3078 existimari,
623 2993 690 3060 nisi
716 2991 867 3061 vidimus
888 2993 1014 3081 quibus
1038 2993 1082 3062 de
1105 2993 1217 3061 causis
1240 2992 1312 3060 elo-

186 3107 327 3195 quentia
345 3105 523 3176 deminuta
541 3107 595 3194 sit,
614 3106 816 3177 declamatio
836 3115 952 3178 autem
970 3109 1165 3193 increverit,
1183 3106 1311 3196 aliquid

186 3222 289 3291 etiam
314 3223 395 3292 novi
418 3223 582 3308 attulerit,
603 3224 697 3313 quod
720 3226 841 3294 attinet
862 3226 934 3293 sive
956 3224 999 3293 ad
1024 3226 1152 3294 litteras
1172 3224 1244 3293 sive
1268 3222 1311 3290 ad

185 3357 313 3406 mores.
340 3338 516 3406 Assentior
541 3338 680 3427 quidem
704 3340 858 3409 Cassium
883 3341 1046 3410 Severum
1071 3361 1142 3409 non
1168 3358 1311 3427 magno·

186 3473 269 3542 pere
304 3453 553 3524 declamatione
587 3455 793 3525 delectatum
827 3458 944 3539 fuisse,
980 3457 1042 3527 sed
1075 3463 1190 3526 tamen
1224 3457 1313 3524 inter

187 3568 436 3639 declamatores
459 3571 599 3656 vixisse,
628 3593 719 3662 saepe
747 3574 918 3666 suasorias
946 3581 980 3643 et
1003 3575 1253 3644 controversias
1276 3574 1311 3640 in

188 3685 318 3754 scholis
341 3683 497 3754 laudatas
525 3686 712 3773 audivisse,
739 3708 775 3756 se
804 3689 916 3777 ipsum
945 3710 1141 3779 quanquam
1165 3691 1312 3758 invitum

188 3801 413 3886 declamasse,
435 3808 469 3871 et
489 3801 634 3872 fortasse
658 3804 810 3893 plausus
832 3825 919 3893 quos
946 3810 1197 3889 contemnebat,
1219 3827 1312 3893 quae-

188 3920 324 4004 sivisse,
345 3925 447 4008 atque
466 3940 486 3988 a
506 3920 714 4009 quibusdam
727 3922 837 4006 uitiis,
855 3944 932 4011 quaa
953 3922 1043 4013 apud
1063 3923 1148 3991 alios
1168 3923 1314 3991 insecta·

188 4034 307 4120 hatur,
339 4054 410 4104 non
438 4056 573 4125 semper
601 4037 762 4108 afuisse:
791 4038 851 4108 llle
878 4039 971 4107 enim
1000 4047 1114 4108 orator
1143 4037 1312 4107 declama-

222 4293 244 4340 1.
256 4291 329 4352 rac,
343 4290 424 4354 nat,
438 4294 477 4344 aa.
