3094 5062
750 487 910 552 ..18-

268 647 447 730 alliciebat,
472 668 542 716 non
564 645 777 716 desinebant.
800 649 929 718 Lassati
956 648 1122 739 fractique
1145 652 1252 719 animi
1276 653 1394 724 dulea-

267 763 384 833 dinem
404 763 462 832 otii
481 762 646 831 libertatis
660 763 820 850 periculis
835 763 1074 852 praelerebant.

312 879 473 958 Quemvis
499 885 613 946 autem
638 878 754 947 nullus
783 879 926 968 principi
955 880 1204 964 adversaretur,
1235 892 1269 952 ct
1297 885 1394 956 hunc

266 1015 380 1065 rerum
397 1000 523 1063 statum
543 992 693 1062 abnuere
713 992 865 1078 auderet,
883 995 1050 1083 quosdam
1070 1003 1185 1065 tamen
1206 1001 1393 1090 scriptores

266 1111 432 1181 memoria
445 1112 563 1200 priscae
578 1111 625 1178 rei
644 1109 787 1200 publicae
803 1117 837 1178 et
851 1111 995 1180 fortasse
1012 1111 1220 1181 desiderium
1236 1117 1388 1185 tenebat.

311 1225 482 1316 Imprimis
503 1245 585 1294 vero
605 1233 767 1308 oratores,
787 1247 863 1294 aum
879 1229 1055 1316 Augustus
1077 1229 1165 1297 siout
1186 1232 1301 1298 omnia
1322 1234 1392 1301 alia

265 1342 496 1430 eloquentiam
530 1341 729 1430 pacavisset,
760 1342 893 1410 nullam
924 1363 1000 1412 esse
1028 1342 1222 1414 libertatem
1252 1346 1392 1417 dicendi

264 1455 555 1527 excruciabantur.
574 1457 649 1524 Non
664 1458 755 1525 enim
777 1456 820 1526 de
840 1458 1039 1546 compositas
1055 1479 1094 1525 ac
1113 1459 1236 1547 quietae
1254 1463 1302 1531 rei
1322 1485 1389 1551 pu·

264 1571 362 1639 bliate
379 1571 570 1640 commodis
588 1571 862 1649 consentiebant:
880 1593 992 1660 neque
1007 1574 1157 1642 maxima
1172 1576 1295 1645 malae
1313 1599 1390 1667 per·

265 1687 399 1757 turbata
419 1685 536 1755 venire
555 1686 757 1755 fatebantur.
781 1687 867 1764 Ouid
888 1708 1008 1757 eorum
1033 1690 1194 1757 intererat
1213 1699 1252 1758 ut
1271 1694 1391 1761 omnia

263 1804 502 1887 miscerentur,
526 1801 608 1869 dum
629 1800 818 1890 amplitudo
843 1821 956 1870 rerum
978 1804 1155 1890 ingentem
1179 1805 1389 1893 eloquentiae

263 1919 441 1988 materiam
463 1917 646 1986 tribueret?
663 1917 744 1984 dum
765 1916 854 2006 apud
874 1923 988 2006 patres
1005 1925 1038 1986 et
1059 1919 1196 2006 plebem
1216 1921 1390 1990 illustrem

263 2034 420 2104 notitiam
445 2033 506 2102 sibi
528 2035 710 2122 pararent?
727 2030 812 2100 dum
836 2032 893 2100 illa
914 2033 1075 2102 facultate
1099 2040 1134 2102 et
1153 2035 1330 2106 clientelas
1354 2047 1389 2106 et

262 2149 441 2242 pecuniam
461 2155 494 2218 at
520 2148 669 2216 honores
689 2148 945 2237 potentiamque
966 2149 1202 2238 acquirerent?
1217 2149 1301 2220 duni
1317 2154 1387 2221 cla-

262 2287 356 2336 more
378 2266 568 2355 plausuque
586 2263 805 2332 fruerentur?
825 2263 908 2331 dum
932 2265 1002 2332 virn
1022 2267 1152 2354 ingenii
1168 2287 1228 2356 par
1248 2288 1388 2335 reorum

262 2380 413 2473 pericula
438 2375 681 2448 ostenderent?
696 2377 779 2445 dum
800 2377 989 2448 discordias
1012 2401 1151 2450 movere
1171 2387 1230 2453 aut
1249 2380 1384 2469 sedare,

261 2495 304 2566 ed
324 2494 454 2564 bellurn
479 2501 535 2564 aul
558 2513 676 2584 paoem
700 2494 835 2563 animos
857 2496 1038 2576 concitare,
1057 2497 1168 2585 legam
1188 2518 1308 2587 rogare
1327 2505 1386 2566 aut

260 2611 441 2700 abrogare,
463 2609 600 2700 plebem
625 2610 809 2680 incendere
833 2617 867 2679 et
894 2618 1054 2680 senatum
1078 2633 1195 2700 regere
1217 2616 1386 2702 possent?

261 2727 464 2798 Occurrebat
479 2727 547 2795 illis
560 2734 594 2794 et
604 2727 684 2794 Cato
699 2726 756 2815 qui
767 2728 933 2795 acerrimo
949 2727 1079 2816 impetu
1094 2729 1270 2817 Scipiones
1285 2751 1386 2798 accu-

260 2843 368 2928 sabat,
395 2849 428 2912 et
452 2843 524 2930 ipse
547 2841 801 2910 accusatoribus
824 2842 1021 2928 resistebat3
1040 2852 1074 2912 et
1095 2844 1236 2913 Gracchi
1262 2845 1322 2934 qui
1342 2845 1386 2914 ad

260 2980 369 3028 novas
387 2981 443 3028 res
467 2959 599 3048 legibus
618 2959 759 3048 agrariis
778 2959 914 3050 plebem
934 2960 1117 3043 vocabant;
1135 2967 1169 3028 et
1183 2962 1300 3030 Cicero
1325 2962 1387 3050 qui

260 3075 494 3164 eloquentiae
524 3073 676 3142 Catilina
699 3073 854 3142 feracibus
878 3075 1050 3143 civitatem
1075 3075 1385 3164 eripiebat.‘Hujus

260 3193 424 3280 temporis
443 3189 738 3279 memoriamque
753 3198 916 3273 oratores,
932 3190 968 3258 in
983 3191 1059 3259 luce
1073 3191 1138 3260 lori
1155 3191 1199 3259 ad
1215 3193 1383 3280 populum

260 3307 468 3376 immensum
485 3305 734 3388 contionantes
747 3306 881 3374 animos
896 3306 1081 3375 movebant
1095 3315 1128 3375 et
1142 3328 1259 3377 rerum
1274 3309 1385 3396 polie-

259 3421 396 3502 bantur,
410 3442 477 3510 quo
492 3421 645 3488 advocati
661 3422 790 3510 privata
803 3421 940 3508 negotia
956 3441 1036 3488 oum
1050 3422 1099 3490 rei
1114 3423 1261 3510 publicae
1276 3424 1384 3493 totius

259 3536 450 3606 commodis
459 3533 817 3620 confundebant,cum
825 3557 961 3604 summo
973 3535 1091 3604 dolore
1100 3537 1382 3607 recordabantur.

267 3721 272 3726 .
302 3653 400 3721 Nunc
419 3657 534 3720 autem
549 3671 623 3738 quae
643 3671 698 3718 res
717 3649 948 3719 multitudinis
964 3651 1133 3740 suffragiis
1150 3653 1384 3741 permittitur?

259 3767 303 3838 ad
325 3789 429 3858 quam
451 3767 631 3835 utilitatem
653 3767 770 3854 populi
794 3767 978 3834 cencssium
999 3771 1232 3836 convocatur?
1254 3751 1385 3838 Civitas

258 3883 352 3953 enim
380 3884 485 3952 nnius
509 3881 648 3950 arbitrio
676 3881 815 3969 regitur,
842 3883 900 3970 qui
931 3884 1097 3972 paulatim
1122 3884 1239 3952 omnia
1262 3884 1385 3952 munia

257 4000 375 4090 populi
390 4001 427 4068 irr
442 4019 479 4068 sc
500 3998 611 4079 traxit,
627 3998 686 4088 qui
701 4006 759 4066 aul
778 3998 851 4087 ipse
871 3998 1090 4088 magistratus
1105 3999 1209 4068 efficit
1222 4006 1280 4068 aut
1299 4019 1385 4070 ean-

258 4115 391 4186 didalos
419 4136 480 4206 per
509 4114 646 4184 libellos
673 4113 903 4183 commendat.
936 4115 1111 4182 Romanus
1134 4117 1295 4204 populus,
1322 4116 1383 4204 qui

258 4231 434 4322 quendam
459 4231 503 4302 ad
532 4230 697 4300 creandos
727 4230 960 4319 magistratus,
985 4229 1033 4319 ad
1061 4228 1191 4316 judicia
1222 4230 1389 4316 feranda,
