3148 5042
741 479 899 544 „60-

256 649 333 711 rant
356 649 390 712 et
412 631 895 731 contempserant3ii1rerum
917 641 1119 710 tenuitatem
1138 639 1379 727 descendunt3

256 764 292 827 et
331 758 395 848 ipsi
439 759 545 827 exiles
578 757 754 826 humiliter
786 757 951 842 sentiunt,
986 756 1245 846 sensiculosque
1283 759 1383 847 quasi

236 957 239 962 Ι
258 873 410 943 minutos
429 875 621 956 inveniunt,
639 880 741 962 atque
759 872 992 962 eloquentiam
1010 877 1187 960 amputare
1203 871 1379 942 videntur.

301 990 368 1056 Alii
388 1010 520 1058 novum
544 1009 654 1077 genus
678 987 825 1071 dicendi,
849 985 955 1076 quod,
978 1007 998 1056 a
1022 986 1210 1056 subtilitate
1228 995 1263 1056 et
1285 990 1384 1078 copia

259 1104 463 1191 abhorrens,
494 1105 626 1194 poetico
661 1104 756 1173 cultu
783 1110 818 1172 et
848 1102 992 1192 quaesita
1029 1102 1196 1172 brevitate
1228 1104 1381 1193 effulget,

260 1229 517 1311 prosequuntur
544 1227 579 1290 et
607 1221 764 1290 afferunt.
791 1220 985 1288 Orationem
1009 1219 1103 1288 enim
1126 1220 1324 1288 conclusam
1348 1226 1384 1290 et

260 1337 410 1426 amplam
436 1344 675 1420 contemnunt,
702 1335 764 1405 sed
783 1336 963 1422 abruptam
982 1342 1118 1421 amant3
1145 1335 1276 1404 minute
1301 1357 1383 1406 sen-

259 1454 385 1522 tentias
400 1452 595 1521 concidunt.

304 1568 385 1646 Quae
414 1568 497 1636 vitia
521 1587 591 1635 non
615 1567 709 1635 illius
737 1567 902 1656 temporis
920 1566 1119 1636 bominibus
1141 1565 1380 1656 displicebant.

260 1711 275 1746 o
295 1683 419 1752 Multos
442 1682 502 1750 tibi
532 1681 619 1751 dabo
641 1682 767 1771 quibus
790 1683 874 1751 vitia
898 1703 969 1751 non
994 1683 1190 1768 nocuerint,
1213 1681 1381 1771 quosdam

258 1799 383 1892 quibus
403 1797 604 1888 profuerint.
632 1798 739 1881 Dabo,
760 1800 914 1888 inquam,
934 1800 1092 1867 maximae
1112 1799 1212 1867 famae
1234 1807 1269 1868 et
1293 1801 1385 1868 inter

259 1914 415 1983 miranda
429 1914 643 2004 propositos,
661 1934 748 2002 quos
767 1915 795 1982 si
812 1915 889 2003 quis
911 1914 1058 2003 corrigit,
1081 1913 1174 1983 delet
1194 1937 1203 1982 ι
1225 1915 1275 1982 sic
1288 1915 1383 1983 enim

260 2031 341 2100 vitia
355 2029 537 2100 virtutibus
552 2030 707 2097 immixta
721 2036 813 2111 sunt,
824 2035 862 2097 ut
876 2030 953 2098 illas
967 2050 1085 2098 secum
1097 2035 1246 2098 tractura
1260 2031 1343 2098 sint.
1365 2057 1382 2091 »

302 2147 382 2215 Jure
412 2146 540 2236 optimo
565 2146 692 2214 Seneca
713 2145 789 2213 haec
815 2145 898 2234 vitia
919 2142 1084 2229 defendit,
1108 2146 1207 2234 cujus
1227 2171 1243 2206 α
1269 2143 1384 2213 dulcia

260 2262 342 2333 vitia
354 2289 387 2347 »,
405 2261 520 2351 judice
541 2259 680 2349 quidem
702 2260 924 2346 Quintiliane,
941 2281 1051 2348 genus
1070 2259 1205 2329 dicendi
1224 2281 1383 2348 corrupe-

261 2384 352 2446 runt.
371 2374 536 2465 Quicquid
555 2375 589 2442 id
608 2383 671 2457 est,
693 2376 751 2444 ille
770 2376 829 2465 qui
851 2403 867 2439 «
894 2396 1008 2445 rerum
1030 2375 1203 2465 pondera¹
1224 2377 1384 2444 minutis-

261 2493 358 2562 simis
381 2491 561 2560 sententiis
580 2491 715 2579 fregit»
737 2511 809 2560 suae
828 2491 935 2560 aetatis
954 2492 1188 2581 eloquentiam
1206 2490 1385 2580 perfectis·

259 2609 344 2677 sime
367 2607 537 2696 exprimit.
560 2608 719 2676 Attamen
738 2607 970 2696 reprehendit,
992 2607 1121 2676 nedum
1140 2605 1257 2676 laudet
1275 2607 1384 2675 nimia

257 2724 340 2794 vitia
360 2723 485 2811 quibus
505 2728 574 2790 tam
594 2723 692 2791 multi
712 2724 892 2812 scriptores
910 2729 1062 2812 peccant.
1080 2725 1156 2791 Non
1177 2722 1226 2789 illi
1246 2723 1384 2811 placent

259 2866 275 2902 «
294 2839 352 2929 qui
371 2838 487 2907 verbis
512 2836 701 2928 splendidis
720 2844 875 2924 utuntur,
897 2859 936 2907 ac
954 2838 1157 2907 sonantibus
1177 2845 1211 2906 et
1225 2838 1380 2926 poeticis,

258 2957 452 3025 necessaria
466 2963 501 3024 et
520 2957 556 3023 in
575 2977 640 3024 usu
662 2956 773 3045 posita
791 2956 902 3025 vitant
923 2982 953 3024 ».
970 2957 1048 3025 Non
1069 2957 1190 3045 probat
1208 2955 1383 3046 composi·

258 3072 391 3140 tionem
420 3071 596 3140 Ciceronis
626 3098 642 3133 «
664 3069 829 3140 devexam
858 3079 892 3140 et
919 3072 1068 3140 molliter
1093 3072 1310 3141 desinentem
1340 3095 1379 3156 »3

259 3208 330 3255 non
355 3187 477 3277 probat
500 3185 696 3276 praeiactam
718 3194 752 3254 et
770 3206 927 3276 asperam
946 3186 1228 3276 compositionem
1248 3214 1277 3252 ».
1303 3187 1379 3253 Non

260 3302 380 3392 probat
413 3303 600 3371 sententias
631 3322 701 3371 non
734 3306 867 3370 tantum
899 3303 965 3371 «si
990 3309 1050 3371 aut
1076 3303 1211 3392 pusillae
1241 3307 1321 3370 sunt
1346 3308 1383 3369 et

261 3416 422 3504 pueriles,
444 3423 503 3485 aut
525 3416 689 3506 improbae
713 3424 749 3486 et
765 3419 843 3508 plus
871 3437 973 3505 ausae,
997 3438 1099 3507 quam
1128 3416 1260 3506 pudore
1284 3417 1382 3485 salvo

259 3530 359 3617 licet;
382 3530 442 3600 sed
471 3533 499 3600 si
523 3531 652 3601 floridae
676 3540 758 3600 sunt
784 3540 818 3602 et
846 3534 949 3602 nimis
976 3532 1111 3618 dulces3
1139 3533 1228 3602 siin
1250 3552 1382 3600 vanum

264 3653 401 3732 exeunt,
419 3653 464 3732 et,
487 3647 561 3716 sine
576 3649 709 3734 affectu,
734 3649 819 3717 nihil
834 3650 982 3738 amplius
996 3669 1100 3739 quam
1117 3655 1242 3717 sonant
1260 3674 1289 3716 a.

302 3760 511 3853 iampridem
535 3783 616 3833 vero
640 3764 722 3833 novi
750 3766 934 3854 scriptores
961 3773 996 3834 et
1021 3772 1173 3834 oratores
1196 3764 1385 3834 sententias
1440 3777 1444 3784 '

260 3878 408 3966 pueriles
441 3885 499 3947 aut
533 3877 692 3966 floridas3
718 3880 927 3969 praeiractam
956 3888 991 3949 et
1020 3899 1176 3969 asperam
1212 3880 1387 3969 composi--

262 3992 407 4081 tionem,
425 3994 529 4064 verba
545 3995 726 4084 splendida
739 4004 774 4066 et
791 3997 923 4085 poetica
937 4001 1187 4066 consectantur.

292 4258 315 4306 r.
331 4256 395 4308 rao.
413 4257 496 4322 crac,
512 4260 542 4322 x,
559 4262 582 4322 1,
597 4241 650 4311 rao.
