3148 5042
206 667 439 760 eloquentiam
464 668 762 752 consectabantur3
789 673 944 738 ornatam
968 688 1050 739 vero
1074 675 1109 740 et
1126 672 1277 760 amplam
1297 677 1332 742 et

207 785 379 875 copiosam
394 783 638 854 aversabantur
654 805 663 852 ε
680 785 880 854 Ciceronem
894 784 997 873 igitur
1015 785 1159 855 oderant
1173 793 1208 856 et
1226 789 1332 858 laces·

207 920 284 970 sere
300 920 371 968 non
388 897 603 968 desinebant.
626 925 643 964 o
659 899 768 977 Quem
781 901 791 935 ¹
806 900 976 970 incessere
990 899 1163 970 audebant
1177 909 1215 972 ut
1231 903 1332 972 tumi-

209 1016 354 1100 diorem,
376 1021 411 1084 et
430 1015 595 1083 Asianum
619 1019 653 1084 et
675 1014 928 1086 redundantem
953 1023 987 1086 at
1009 1017 1045 1085 in
1069 1017 1332 1107 repetitionibus

208 1131 372 1217 nimium,
398 1131 490 1198 etin
521 1130 649 1199 salibus
677 1130 863 1219 aliquando
887 1130 1050 1220 frigidum
1074 1140 1108 1202 at
1134 1133 1170 1202 in
1190 1154 1342 1224 compo·-

208 1247 332 1315 sitione
361 1245 518 1332 fractum,
549 1246 789 1330 exsultantem,
820 1267 859 1314 ac
886 1267 984 1335 paene
1014 1249 1089 1317 viro
1122 1249 1329 1318 molliorem.

207 1363 381 1451 Praecipue
399 1381 483 1430 varo
498 1368 698 1451 presserunt
711 1381 790 1431 eum
810 1362 869 1451 qui
883 1361 991 1432 videri
1006 1363 1195 1432 Atticorum
1217 1365 1331 1434 imita-

211 1484 303 1546 tores
328 1477 599 1566 concupierant:
622 1476 695 1546 haec
718 1497 853 1563 manus,
879 1476 1201 1568 quasiquibusdam
1229 1480 1332 1552 sacris

209 1593 353 1674 initiata,
381 1596 419 1660 ut
444 1591 671 1682 alienigenam
697 1613 819 1682 parum
842 1592 1037 1663 studiosum
1063 1593 1333 1684 devinctumque

211 1709 281 1778 illis
296 1708 429 1798 legibus
444 1707 699 1799 insequebatur.
719 1735 735 1771 »

254 1825 369 1894 Cicero
393 1830 509 1896 tamen
535 1845 607 1893 non
626 1826 715 1893 inter
732 1825 879 1894 Asianos
899 1824 1082 1914 ponendus
1106 1833 1159 1896 est
1188 1827 1247 1916 qui
1268 1825 1335 1894 hoc

213 1970 229 2004 u
250 1942 405 2031 opimum
425 1942 435 1975 ¹
452 1947 487 2012 et
509 1948 674 2028 tauquam
703 1939 848 2030 adipata
869 1939 1029 2010 dictionis
1053 1961 1163 2031 genus
1187 1968 1204 2004 »
1230 1962 1335 2031 repu-

209 2057 376 2145 diaverat;
404 2062 505 2146 atque
535 2056 637 2125 simul
662 2056 793 2125 Atticos
819 2059 1020 2156 ppress0s³
1044 2063 1079 2126 et
1106 2058 1273 2147 integros,
1299 2059 1335 2125 in

209 2172 334 2263 quibus
360 2173 446 2240 nihil
475 2172 709 2261 superflueret,
739 2181 773 2242 et
795 2173 941 2241 Asianos
971 2171 1106 2241 iuilatos
1136 2178 1170 2242 et
1198 2173 1332 2256 inanes,

211 2289 336 2378 quibus
347 2288 517 2378 judicium
530 2288 679 2358 maxime
699 2295 733 2357 et
752 2287 877 2356 modus
897 2286 1066 2358 deesset»
1089 2288 1333 2357 insectabatur.

255 2405 425 2494 imprimis
445 2410 559 2473 autern
574 2404 611 2470 in
630 2404 770 2488 Atticos,
788 2403 847 2493 qui
860 2403 960 2472 illum
975 2403 1116 2493 quidem
1130 2404 1283 2474 maxima
1301 2404 1336 2472 vi
1380 2491 1381 2498 ἵ

210 2523 396 2602 lacessunt,
415 2519 597 2588 invehitur.

255 2639 322 2705 Gur
347 2635 383 2703 hi
413 2640 564 2704 oratores
585 2635 801 2724 appellantur
822 2633 936 2704 attici?
959 2654 1064 2725 quem
1091 2635 1232 2704 atticum
1257 2633 1336 2702 imi-

210 2757 345 2822 tantur?
365 2750 540 2839 quomodo
560 2755 628 2820 tam
655 2752 781 2835 varios,
802 2756 872 2818 tam
898 2749 1083 2819 dissimiles
1103 2749 1230 2818 imitari
1253 2769 1336 2839 pos·

210 2873 313 2939 sunt?

255 2983 354 3064 Quod
378 2984 527 3073 primum
557 2983 671 3051 Cicero
700 2989 817 3050 contra
843 2980 922 3050 illos
950 2980 1098 3052 disserit.
1129 2983 1215 3051 Sunt
1242 2982 1337 3050 euim

211 3099 314 3169 Attici
333 3098 392 3188 qui
411 3097 611 3167 tenuitatem
631 3104 665 3165 et
685 3097 890 3186 elegantiam
916 3097 1025 3186 Lysiae
1044 3096 1237 3180 imitantur3
1255 3100 1337 3164 sunt

210 3233 350 3305 quoque
392 3212 493 3281 Attici
532 3212 589 3299 qui
632 3212 765 3300 copiam
802 3218 835 3280 et
879 3213 1050 3280 actionem
1093 3211 1336 3280 Demosthenis

207 3336 414 3421 sequuntur.

256 3445 415 3516 Secundo
443 3445 523 3514 illos
546 3443 660 3513 Cicero
694 3441 915 3532 reprehendit
943 3443 1034 3531 quod
1061 3462 1132 3511 non
1163 3441 1336 3510 auditores

208 3564 348 3654 capiant
371 3567 405 3630 et
423 3567 585 3630 moveant
607 3584 614 3626 :
637 3564 750 3628 orator
772 3564 906 3645 autem,
932 3559 1064 3628 Atticus
1091 3564 1150 3627 aut
1173 3557 1335 3644 AsianuS,

207 3680 382 3770 imprimis
401 3678 535 3746 animos
557 3677 670 3746 flectat
689 3681 724 3745 et
742 3675 902 3766 corripiat
922 3695 1063 3746 necesse
1084 3681 1148 3744 est.
1172 3674 1244 3742 Hoc
1263 3673 1336 3742 fieri

206 3796 310 3880 solet,
341 3814 420 3863 oum
444 3813 524 3862 vere
549 3792 749 3881 eloquentes
777 3788 911 3878 dicunt;
940 3790 1008 3859 hoo
1035 3810 1106 3859 non
1131 3789 1206 3858 fieri
1234 3787 1333 3872 solet,

206 3933 290 3982 cum
322 3909 423 3978 Attici
455 3914 601 3999 surgunt
628 3907 698 3996 qui,
730 3913 767 3975 ut
794 3907 840 3975 ait
872 3907 1000 3993 Cicero,
1029 3927 1049 3974 a
1076 3925 1202 3974 corona
1230 3910 1264 3972 et
1292 3902 1335 3971 ab

205 4027 385 4098 advocatis
405 4025 658 4114 relinquuntur.

244 4227 267 4274 l.
283 4223 382 4286 Quoia,
397 4222 461 4272 last.
477 4219 561 4282 Orat,
573 4219 628 4281 llll,
639 4221 678 4279 lb,
694 4218 775 4270 la-lt.
792 4246 824 4256 -
844 4221 867 4268 2.
884 4219 948 4282 Gra,
964 4218 1019 4282 Or„
1036 4220 1060 4269 9.
1075 4245 1107 4256 -
1118 4219 1141 4268 3.
1163 4217 1262 4279 Quinc,
1280 4216 1336 4278 llll,

140 4333 150 4346 .
204 4299 251 4356 10,
269 4295 310 4344 16.

287 4385 403 4440 Rocaar.
1178 4380 1194 4436 5
