3148 5042
759 522 920 586 ..52-

320 687 407 765 Ouid
430 685 523 776 quod
544 713 560 748 «
583 686 642 754 illa
662 705 799 774 quoque
818 705 896 774 quae
918 684 1007 754 salse
1026 681 1092 751 dici
1110 688 1268 773 poterant
1292 683 1398 754 adno-

275 803 435 871 tabantur
463 803 505 870 »t
535 802 620 869 Sunt
646 808 761 870 tamen
795 801 998 891 plerumque
1027 797 1149 886 frigida
1181 821 1259 888 quae
1295 799 1401 869 domo

276 923 390 988 orator
408 917 516 986 affert.
971 921 974 926 '

320 1031 385 1101 Sed
401 1032 538 1100 Cassius
558 1031 703 1098 Severus
723 1030 980 1099 meditationem
999 1030 1223 1119 extemporali
1241 1029 1399 1100 facilitati

274 1145 538 1236 conjungebat:
565 1144 791 1214 meditabatur
821 1150 856 1213 et
883 1145 1051 1214 scribebat
1081 1146 1271 1213 orationem
1299 1147 1399 1235 quasi

273 1283 344 1331 non
373 1283 414 1330 ex
443 1268 597 1350 temporo
629 1260 742 1329 dicere
769 1261 952 1349 potuisset;
983 1281 1025 1329 ex
1060 1267 1212 1348 tempore
1242 1260 1395 1345 dicebat,

273 1378 369 1467 quasi
395 1398 466 1446 non
495 1378 695 1466 orationem,
710 1375 892 1445 meditatus
912 1380 1014 1445 esset.
1037 1376 1122 1443 Cum
1146 1378 1323 1464 utriusque
1345 1377 1397 1446 rei

273 1491 464 1561 commodis
488 1499 653 1575 uteretur,
679 1498 869 1559 accuratam
892 1492 1081 1560 orationem
1105 1491 1298 1580 relinquere
1325 1512 1398 1560 non

273 1606 452 1675 dubitabat
479 1626 656 1694 novasque
684 1606 821 1675 facetias
851 1607 963 1675 subito
992 1605 1202 1676 inveniebat.
1234 1634 1250 1668 «
1278 1609 1362 1674 Cum
1389 1610 1398 1642 ¹

273 1723 457 1812 procedere
480 1723 589 1790 nollet
613 1723 680 1790 nisi
703 1725 901 1804 instructus,
923 1723 1069 1791 libenter
1092 1721 1134 1790 ab
1156 1723 1397 1792 instrumentis

273 1838 468 1909 recedebat.
489 1865 505 1900 »

317 1955 419 2023 Recte
434 1960 549 2023 autem
564 1953 764 2022 meditatam
777 1955 968 2022 orationem
983 1954 1156 2043 verbaque
1171 1953 1273 2022 domo
1294 1954 1396 2023 allata

273 2070 489 2159 relinquebat
519 2093 528 2138 ι
558 2069 749 2139 Virtutibus
782 2070 897 2151 enim,
927 2090 1013 2158 quas
1048 2069 1162 2139 adbuc
1195 2069 1398 2159 singillatim

273 2188 423 2256 exsecuti
447 2207 580 2271 sumus,
602 2206 672 2253 non
697 2185 823 2253 mirum
841 2193 894 2254 est
915 2185 956 2270 si,
977 2206 1056 2253 cum
1074 2191 1202 2274 ageret,
1222 2185 1397 2255 auditores

271 2303 381 2391 magis
399 2301 585 2370 commovit
600 2321 703 2390 quam
719 2302 876 2387 lectores,
893 2321 972 2369 cum
987 2301 1170 2389 legeretur.
1190 2329 1206 2364 «
1228 2303 1304 2370 Non
1319 2304 1398 2370 est'

270 2416 362 2506 quod
390 2417 489 2484 illum
509 2438 551 2485 ex
575 2415 630 2485 his
650 2438 725 2505 quae
750 2415 857 2485 edidit
880 2417 1071 2497 aestimetis3
1094 2420 1176 2485 sunt
1199 2416 1338 2506 quidem
1363 2424 1398 2486 et

271 2532 347 2600 haec
375 2532 500 2620 quibus
529 2531 725 2620 eloquentia
753 2533 827 2621 ejus
858 2537 1078 2620 agnoscatur3
1109 2531 1246 2601 auditus
1279 2540 1397 2601 tamen

270 2649 374 2736 longe
398 2649 507 2736 major
535 2653 606 2715 erat
633 2668 737 2736 quam
761 2648 881 2716 lectus.
908 2649 984 2714 Non
1008 2648 1074 2715 hoc
1097 2668 1137 2716 ea
1164 2649 1321 2737 portione
1344 2649 1396 2718 illi

270 2762 392 2832 accidit
420 2783 487 2851 qua
513 2762 675 2831 omnibus
701 2764 772 2831 fere
799 2763 924 2851 quibus
952 2763 1071 2852 majori
1102 2762 1396 2833 commendationi

270 2885 322 2948 est
350 2877 459 2947 audiri
486 2899 589 2966 quam
617 2879 698 2967 legi,
721 2878 782 2947 sed
809 2879 844 2946 in
864 2878 923 2946 illo
948 2878 1050 2968 louge
1075 2879 1186 2968 majus
1211 2878 1396 2948 discrimen

270 3003 334 3064 est.
362 2995 563 3062 »Oratores
592 2993 685 3062 enim
708 2992 867 3062 ardentes
896 2995 1004 3061 multo
1035 2995 1151 3063 minus
1174 2994 1291 3084 vigent
1316 3016 1396 3064 cum

269 3111 431 3200 leguntur
453 3129 557 3199 quam
581 3130 659 3178 cum
679 3109 867 3179 audiuntur
888 3133 895 3174 :
918 3109 1043 3198 quibus
1060 3131 1149 3199 opus
1173 3116 1224 3178 est
1243 3111 1396 3180 clamore

167 3287 168 3294 ,
270 3233 303 3295 et
322 3228 445 3316 plausu
464 3225 643 3314 turbaque.
671 3227 759 3294 Dum
783 3232 917 3294 mentes
945 3226 1093 3294 aliorum
1116 3225 1346 3312 inflammant,
1361 3232 1397 3294 et

270 3343 335 3432 ipsi
346 3349 619 3426 commoventur,
629 3343 737 3431 etipsi
746 3343 893 3411 acriores
903 3347 1090 3431 provocant
1100 3347 1159 3409 aut
1168 3341 1392 3431 respondent.

315 3459 441 3525 Praeter
469 3458 541 3525 baec
564 3457 765 3547 proceritate
784 3458 937 3552 corporis
961 3463 994 3526 et
1020 3457 1152 3526 uiribus
1175 3456 1245 3525 lere
1271 3476 1396 3560 omues

270 3571 460 3641 causidicos
484 3579 518 3640 et
542 3571 787 3641 declamatores
815 3571 1101 3663 supereminebat.
1132 3599 1149 3634 «
1174 3571 1392 3641 Tantundem

224 3730 227 3736 =
270 3691 367 3757 erat³
386 3689 419 3755 in
443 3688 585 3757 homine
604 3694 771 3778 quantum
787 3689 823 3756 in
835 3689 975 3777 ingenio
994 3711 1001 3756 :
1021 3689 1172 3779 corporis
1191 3687 1395 3776 magnitudo

269 3805 466 3895 conspicua.
491 3831 507 3865 >r

301 4074 324 4119 t.
337 4070 405 4132 San,
423 4069 507 4128 cont,
522 4071 567 4130 Ill,
582 4070 667 4134 prat,
683 4073 705 4118 6.
723 4097 755 4105 -
766 4071 789 4121 2.
807 4071 855 4130 ln,
869 4067 945 4130 itia,
960 4069 1009 4119 Ed.
1027 4069 1183 4132 Kiessling„
1199 4073 1223 4120 3.

300 4144 323 4190 3.
341 4139 408 4200 Sam,
426 4141 507 4199 Coct.⁵
520 4142 567 4202 lll,
579 4140 663 4202 praet,
674 4144 697 4190 3.
712 4169 744 4177 -
758 4141 859 4190 Plinius
873 4141 929 4190 lere
941 4140 1011 4191 idem
1028 4141 1119 4191 dicere
1132 4142 1241 4192 videtur
1256 4154 1316 4190 cum
1332 4142 1400 4191 sori-

270 4210 309 4261 bit
323 4210 362 4276 (H.
378 4211 483 4270 N.,Vll‚
500 4212 557 4274 55):
572 4233 582 4254 «
598 4211 688 4263 (tassio
701 4211 799 4262 Severo
814 4211 912 4261 celebri
927 4212 1026 4263 oratori
1041 4212 1204 4262 Armentarii
1220 4212 1398 4262 mirmillonis

269 4283 375 4345 objecta
388 4281 539 4332 similitudo
553 4285 593 4332 est
609 4304 631 4330 ».
