3094 5062
645 529 804 592 ..15-

158 694 273 756 motus
288 693 352 774 est,
378 686 471 756 unde
493 687 557 756 sub
579 687 725 771 Tiberio,
748 707 839 758 anno
866 690 908 757 tl
936 695 1015 779 post
1047 691 1220 762 Christum
1246 695 1281 763 in

156 823 281 871 saxum
301 801 495 890 Seriphium
506 803 678 892 projectus
692 801 768 871 fuit.

201 921 276 987 Non
297 918 390 986 euim
406 917 464 985 illa
482 919 703 1008 primupoena
718 920 853 989 Cassius
870 920 1015 990 Severus
1030 923 1142 992 victus
1155 924 1280 1009 fuerat,

157 1034 218 1104 sed
242 1035 455 1103 exulceratus
481 1059 488 1100 :
511 1034 662 1103 acerbior
681 1036 882 1123 procacibus
907 1037 1042 1127 scriptis
1065 1040 1159 1108 viros
1182 1041 1283 1110 lemi-

156 1169 287 1238 nasque
327 1150 497 1232 illustres,
529 1170 737 1239 quamquam
774 1153 890 1233 exsul,
922 1153 1152 1224 lacessiverat.
1189 1157 1284 1226 Tunc

157 1267 310 1355 regimen
347 1266 480 1355 imperii
514 1265 668 1335 Tiberius
699 1266 838 1336 tenebat
870 1268 928 1356 qui
962 1269 1111 1357 primum
1141 1271 1281 1359 quidem

118 1471 119 1476 ἵ
159 1409 175 1444 «
188 1381 354 1450 adversus
375 1381 547 1448 convicia¹
562 1380 741 1470 malosque
757 1402 913 1451 rumores
928 1390 961 1451 et
977 1383 1109 1452 famosa
1123 1384 1167 1454 de
1186 1407 1224 1454 se
1243 1407 1281 1455 ac

157 1500 229 1567 suis
244 1498 395 1566 carmina
408 1497 528 1566 firmus
543 1518 583 1565 ac
600 1497 733 1586 patiens
750 1498 898 1567 subinde
909 1498 1069 1588 jactabat,
1083 1502 1122 1568 z’rr
1137 1503 1281 1572 ciuitate

152 1611 268 1681 'libero
281 1614 443 1699 tropeum
455 1593 671 1701 mentemque
682 1614 810 1681 liberas
826 1634 898 1681 ecre
908 1615 1043 1684 dedere.
1054 1615 1094 1683 Et
1104 1615 1279 1703 quondam

156 1735 278 1796 senatu
300 1728 531 1816 cognitionem
555 1727 598 1795 de
622 1727 795 1817 'ejusmodi
814 1729 1015 1797 criminibus
1038 1749 1077 1796 ac
1099 1731 1166 1798 reis
1185 1731 1279 1820 flagi·

154 1849 262 1928 tante,
282 1850 361 1916 Neo
381 1853 532 1928 tantum,
549 1845 672 1933 inquit,
689 1847 756 1914 otii
772 1846 942 1914 babemus
957 1854 998 1915 ut
1017 1847 1198 1934 implicare
1216 1866 1280 1916 noa

149 1961 317 2053 pluribus
332 1963 483 2047 repotiis
498 1962 697 2030 debeamus.
710 1964 751 2030 Sr'
760 1963 852 2030 laerte
860 1965 1056 2048 fenestram
1070 1965 1279 2052 aperueritis

153 2077 249 2144 nr'lu'l
265 2078 368 2146 ulr'ud
379 2078 443 2164 cpi
461 2079 604 2160 erectim
623 2079 786 2147 umatum
805 2079 1002 2148 inimicitiae
1022 2081 1088 2148 lroc
1102 2089 1279 2167 praetextu

152 2193 509 2278 adnosdeferentur.
525 2218 541 2254 »
1019 2259 1020 2262 ,

197 2308 294 2375 Hanc
306 2313 422 2376 tamen
440 2306 638 2390 fenestram,
659 2327 763 2396 quam
781 2307 957 2396 Augustus
972 2314 1161 2397 aperuerat,
1179 2308 1277 2377 Tibe·

151 2423 225 2490 rius
240 2443 311 2491 non
326 2423 483 2492 claudere
499 2423 681 2493 festinavit.
698 2425 796 2508 Nam,
810 2427 848 2492 ut
856 2422 1019 2506 vidimus,
1037 2442 1129 2491 anno
1144 2424 1186 2492 al
1198 2429 1277 2512 post

152 2539 325 2608 Christum
353 2539 396 2608 de
424 2539 537 2608 Cassio
567 2540 691 2608 Severo
726 2539 845 2607 exsule
879 2537 1026 2607 relatum
1051 2543 1113 2608 est.
1143 2539 1278 2608 Etenim

153 2685 171 2721 «
192 2657 288 2725 illic¹
307 2654 427 2724 eadem
446 2653 616 2724 actitando
640 2655 790 2724 recentia
809 2658 994 2742 veteraque
1014 2652 1092 2722 odia
1113 2653 1274 2738 advertit;

149 2772 320 2860 bonisque
340 2777 476 2855 exutus,
493 2769 673 2840 interdicto
688 2769 760 2859 igni
774 2774 878 2859 atque
901 2789 1001 2857 aqua,
1020 2789 1102 2838 saxo
1121 2767 1275 2858 Seriphio

150 2886 333 2956 consenuit
349 2913 379 2954 ».

196 3004 258 3071 Hic
279 3029 295 3065 u
318 3003 409 3071 XXV
431 3001 542 3070 exsilii
571 3001 623 3070 sui
647 3020 738 3068 anno
752 2981 815 3066 ³‘in
835 3019 971 3068 summa
994 2999 1110 3089 inopia
1134 3000 1277 3068 moritur

148 3120 207 3188 vix
223 3137 338 3208 panno
354 3115 505 3186 verenda
519 3120 697 3186 contectus
716 3142 732 3178 o
749 3116 852 3204 (auno
868 3115 910 3183 32
927 3120 1006 3203 post
1020 3114 1126 3204 Chr).

193 3236 270 3302 Non
300 3240 352 3302 est
381 3233 473 3322 quod
499 3233 633 3302 mireris
659 3233 765 3300 Cassii
797 3231 911 3301 Severi
944 3230 1104 3299 exsilium
1138 3231 1275 3319 gravius

149 3349 277 3418 factum
295 3370 370 3418 esse
386 3356 459 3418 tum
473 3370 580 3436 quum
598 3376 614 3411 «
636 3347 809 3436 objectum
829 3352 880 3414 est
897 3347 1024 3436 poetae⁸
1039 3344 1131 3433 quod
1150 3347 1185 3413 in
1207 3351 1275 3414 tra-

148 3467 263 3554 goedia
294 3466 588 3556 Agamemnonem
621 3463 754 3552 probris
786 3462 1000 3548 lacessisset;
1036 3461 1208 3550 objectum
1241 3467 1275 3530 et

147 3581 310 3650 historico
334 3580 428 3671 quod
453 3583 595 3649 Brutum
619 3579 842 3667 Cassiumque
871 3577 1011 3645 ultimos
1038 3578 1270 3645 Romanorum

147 3695 308 3783 dixisset3
325 3696 601 3765 animadversum
621 3700 673 3764 est
692 3695 729 3761 in
744 3698 899 3762 auctores
918 3692 1110 3781 scriptaque
1131 3691 1268 3772 abolita,

145 3813 306 3903 quamvis
329 3813 556 3902 probarentur
579 3816 658 3879 ante
686 3809 816 3898 aliquot
841 3828 964 3893 annos,
987 3809 1090 3875 etiam
1117 3808 1271 3894 Augusto

145 3929 308 3998 audiente
324 3931 463 3999 recitata
479 3956 510 3996 u.

190 4045 289 4126 Quod
320 4047 349 4115 si
377 4045 511 4115 Cassius
538 4045 684 4114 Severus
712 4043 842 4131 aliquot
870 4047 950 4131 post
980 4039 1080 4107 annis
1111 4038 1268 4120 vixisset,

175 4236 198 4284 l.
223 4233 306 4297 Suum,
328 4233 391 4294 Tib,
413 4235 453 4283 28.
476 4259 508 4270 -
528 4235 551 4282 2.
580 4231 658 4293 Arra„
678 4233 720 4294 lv,
744 4233 783 4281 el.
806 4259 838 4268 —
861 4233 884 4280 3.
898 4232 1072 4291 llrsronruns,
1093 4230 1158 4281 llus.
1177 4229 1271 4280 aaron.

138 4335 174 4346 -
187 4309 211 4356 l.
229 4305 312 4366 Suum,
329 4304 392 4363 Tib,
411 4308 450 4356 61.
