3148 5042
756 461 914 526 -,66-.

318 622 448 690 Horum
468 621 623 690 omnium
638 622 817 690 atticorum
836 623 960 692 Calvus
980 621 1312 709 celeberrimus'iuit,
1335 629 1394 716 qui

272 739 379 828 patrio
405 736 484 806 odio
509 738 707 806 Ciceronem
733 738 909 807 insecutus
932 743 996 824 est,
1022 743 1093 806 et«
1119 739 1179 808 din
1199 741 1209 775 ¹
1233 761 1312 809 curn
1333 744 1392 812 illo

271 854 523 944 iniquissimam
538 852 632 921 litem
653 852 696 921 de
714 853 906 942 principatu
925 853 1129 942 eloquentiae
1147 856 1270 924 habuit
1291 883 1322 926 ».

318 970 364 1038 De
387 990 454 1058 quo
483 969 532 1038 sic
558 967 671 1038 Cicero
696 968 837 1058 judicat.
861 997 878 1032 «
900 969 989 1046 Qui*
1013 975 1126 1038 orator
1146 971 1280 1056 luisset,
1313 994 1391 1042 cum

258 1087 393 1154 litteris
441 1084 606 1154 eruditior
647 1103 750 1174 quarn
788 1084 905 1170 Curio,
948 1089 1022 1153 tum
1060 1085 1162 1155 etiam
1203 1091 1392 1158 accuratius

271 1200 444 1292 quoddam
471 1198 607 1270 dicendi
638 1205 671 1270 et
698 1200 900 1290 exquisitius
933 1200 1093 1270 afferebat
1120 1221 1230 1291 genus
1261 1225 1269 1272 :
1300 1205 1392 1292 quod

270 1335 467 1407 quanquam
487 1315 634 1384 scienter
654 1314 895 1405 eleganterque
916 1314 1089 1403 tractabat,
1111 1317 1258 1386 nimium
1274 1325 1390 1390 tamen

269 1432 447 1520 inquirens
463 1431 499 1498 in
515 1451 564 1514 se,
586 1436 688 1519 atque
707 1431 780 1520 ipse
795 1449 871 1500 seso
886 1429 1086 1518 observans,
1103 1437 1329 1523 metuensque
1345 1455 1392 1504 ne

268 1548 432 1617 vitiosum
457 1544 645 1635 colligeret,
672 1546 774 1614 etiam
799 1567 921 1615 verum
940 1546 1145 1636 sanguinem
1167 1547 1390 1638 deperdebat.

270 1665 386 1752 ltaque
416 1662 491 1750 ejus
519 1660 626 1730 oratio
659 1661 765 1730 nimia
792 1662 959 1752 religione
996 1668 1181 1750 attenuata,
1216 1664 1326 1735 doctis
1357 1673 1394 1737 et

268 1783 396 1848 attente
414 1765 632 1846 audientibus
655 1782 727 1845 erat
744 1777 903 1865 illustris3
926 1797 946 1845 a
974 1778 1195 1850 multitudine
1217 1785 1332 1850 autem
1357 1788 1394 1852 et

268 1896 392 1976 aforo,
415 1894 469 1963 cui
489 1899 568 1962 nata
582 1893 777 1982 eloquentia
792 1898 855 1978 est,
877 1893 1116 1964 devorabatur.
1144 1923 1161 1958 »

312 2010 541 2089 Quintilianus
566 2014 679 2078 autem
702 2008 831 2123 facilior
861 2037 877 2072 o
901 2009 1100 2098 judicinm³
1124 2039 1140 2074 »
1166 2018 1200 2081 et
1223 2038 1240 2075 u
1267 2015 1392 2083 sancti·

267 2133 371 2197 tatem
385 2128 397 2162 ⁴
413 2154 430 2190 »
447 2125 540 2193 Calvi
555 2124 683 2211 laudat,
701 2130 734 2194 et
746 2146 809 2195 suo
822 2131 973 2216 tempore
987 2126 1112 2196 fatetur
1123 2126 1228 2216 hujus
1243 2131 1390 2199 oratoris

266 2242 393 2310 lamam
408 2241 571 2311 crevisse.

312 2385 329 2421 «
355 2358 476 2427 Inveni
496 2359 508 2394 ³
526 2357 583 2447 qui
604 2357 747 2426 Calvum
766 2356 967 2447 praeferrent
987 2357 1160 2443 omnibus,
1186 2359 1303 2430 inveni
1326 2361 1388 2450 qui

266 2472 421 2541 Ciceroni
445 2470 633 2557 crederent,
655 2491 736 2540 eum
756 2471 862 2539 nimia
884 2476 1003 2539 contra
1023 2491 1059 2540 sa
1083 2471 1255 2542 calumnia
1269 2493 1390 2542 verum

265 2587 471 2676 sanguinem
485 2584 694 2677 perdidisse3
713 2585 774 2654 sed
789 2591 841 2655 est
856 2592 889 2656 et
904 2592 1020 2655 sancta
1033 2592 1067 2654 et
1085 2589 1198 2675 gravis
1216 2589 1334 2670 oratio,
1353 2596 1387 2658 et

264 2703 425 2793 castigata
444 2707 478 2772 et
496 2702 693 2793 frequenter
717 2700 905 2770 vehemens
930 2721 1077 2792 quoque.
1100 2703 1254 2772 imitator
1273 2709 1386 2773 autom

264 2826 316 2888 est
342 2819 543 2912 Atticorum,
567 2816 713 2907 fecitque
739 2817 788 2885 illi
818 2826 998 2907 properata
1028 2838 1122 2886 mors
1148 2819 1319 2907 injuriam,
1359 2822 1389 2889 si

263 2935 345 3024 quid
365 2934 561 3023 adjecturus
580 2933 654 3002 fuit.
680 2960 696 2996 e

307 3051 430 3119 Nonne
449 3050 551 3140 igitur
572 3069 732 3138 magnam
752 3048 882 3118 babent
900 3049 989 3118 inter
1008 3069 1046 3118 se
1064 3048 1335 3136 similitudinem,
1352 3058 1389 3122 et

263 3171 399 3240 Cassius
414 3172 560 3240 Severus
575 3175 609 3238 et
623 3169 682 3238 ille
703 3169 825 3238 Calvus
850 3169 908 3257 qni
924 3196 940 3232 «
957 3167 1149 3238 adstrictior
1169 3171 1181 3205 ⁶
1201 3197 1217 3233 »
1235 3191 1255 3238 a
1273 3171 1386 3242 Tacito

262 3271 417 3369 habetur,
447 3278 668 3374 Ciceroniq'ue
690 3311 706 3346 o
728 3285 912 3373 exsanguis
932 3290 965 3352 et
984 3282 1100 3353 aridus
1119 3286 1130 3319 ⁷
1154 3312 1170 3347 »
1193 3287 1287 3355 visus
1309 3285 1389 3356 est?

225 3415 232 3428 ·
306 3403 430 3471 Calvus
449 3402 544 3470 enim
558 3427 574 3464 κ
592 3401 712 3470 litteris
726 3399 891 3469 eruditior
908 3421 942 3482 »3

306 3517 442 3587 Cassius
461 3518 608 3586 Severus
626 3544 642 3579 «
664 3536 734 3584 non
753 3515 886 3585 inscitia
905 3516 1140 3584 litterarum».

306 3634 430 3703 Calvus
455 3659 472 3695 «
493 3632 681 3701 accuratius
710 3629 885 3721 quoddam
907 3630 1043 3700 dicendi
1074 3653 1185 3720 genus
1208 3639 1242 3702 et
1265 3634 1388 3722 exqui-

261 3752 359 3820 sitius
388 3747 548 3820 afferebat
571 3769 691 3838 genus,
726 3746 820 3836 quod
848 3746 995 3816 scienter
1026 3748 1268 3838 eleganterque
1297 3755 1389 3820 trac—

262 3866 353 3935 tabat
373 3891 408 3928 »·

306 3919 441 4050 Gessiirs
462 3982 607 4050 Severus
636 4005 653 4041 «
682 3978 870 4048 orationem
899 3978 991 4046 cultu
1019 3977 1193 4048 valentem
1222 3979 1384 4063 habebat,

263 4231 264 4234 ,
293 4180 315 4227 1.
334 4176 403 4238 Sara,
421 4176 505 4234 Geni„
524 4176 578 4238 v11,
600 4177 637 4234 te,
656 4177 728 4226 6.-
747 4177 770 4226 2.
789 4174 899 4233 Brutus,
917 4175 956 4224 82.
972 4201 1004 4212 -
1018 4177 1041 4226 3.
1061 4177 1125 4226 lost.
1144 4174 1227 4238 Orat,
1244 4176 1274 4236 X,
1296 4175 1320 4238 2,
1341 4177 1386 4226 25.

258 4250 324 4298 -1,
341 4247 418 4310 ibid,
432 4248 488 4311 XII,
507 4250 546 4310 10,
562 4249 603 4298 11.
620 4249 683 4298 -5.
697 4245 774 4311 leid,
788 4247 819 4308 X,
834 4248 857 4309 l,
873 4247 927 4296 115.
942 4273 973 4285 -
987 4249 1010 4296 6.
1022 4245 1104 4310 etat,
1119 4249 1158 4297 25.
1170 4275 1202 4286 -
1214 4251 1236 4298 1.
1248 4246 1326 4307 ibid,
1343 4250 1387 4300 18.
