3094 5062
645 471 844 534 .-23-

198 635 424 725 philosophus
446 634 632 716 vocabitur,
665 635 786 704 Melam
817 633 1091 724 anteponit,·qui
1128 654 1148 701 a
1175 634 1323 723 negotiis

199 751 344 840 publicis
371 759 512 819 aversus
534 751 741 839 eloquentiae
772 757 915 834 tentum,
946 749 981 817 id
1005 757 1058 817 est
1082 749 1322 818 declamationi

199 867 331 953 studet3
365 867 416 934 illi
447 869 558 956 majus
588 875 623 934 et
650 867 774 934 melius
798 865 975 954 ingenium
997 885 1073 935 esse
1106 872 1213 956 putat,
1231 867 1324 955 'quia

198 983 368 1052 ambitum
383 989 418 1051 et
432 982 545 1050 forum
560 987 594 1050 et
608 983 759 1050 bonores
772 982 872 1070 fugit,
888 983 967 1070 quia
982 983 1017 1050 in
1040 982 1148 1050 otium
1165 1001 1202 1050 se
1219 981 1323 1051 refert

199 1105 234 1166 et
257 1099 292 1164 io
313 1105 413 1186 portu
432 1098 581 1186 pericula
606 1098 701 1165 vitat.
724 1124 741 1158 ι(
764 1099 842 1164 Haec
861 1116 902 1165 eo
922 1099 931 1131 ¹
951 1097 1127 1182 libentius,
1148 1097 1248 1178 Mela,
1274 1097 1323 1165 fili

200 1213 384 1295 carissime,
410 1212 531 1296 refero,
564 1214 644 1299 quia
672 1211 772 1281 video
801 1214 955 1280 animum
983 1219 1083 1280 tuum
1112 1233 1132 1280 a
1163 1213 1322 1281 civilibus

200 1329 322 1398 officiis
336 1328 577 1397 abhorrentem
592 1335 626 1396 et
640 1328 683 1395 ab
699 1330 793 1396 omni
808 1328 941 1396 ambitu
955 1349 1116 1397 aversum
1131 1329 1197 1397 hoc
1212 1349 1321 1396 unum

199 1445 499 1533 concupiscentem
520 1444 607 1511 nihil
627 1445 881 1533 concupiscere,
907 1450 946 1512 ut
964 1445 1168 1532 eloquentiae
1187 1450 1321 1512 tantum

198 1560 338 1628 studeas
371 1560 494 1629 Facilis
512 1559 554 1627 ab
574 1560 638 1628 bac
657 1562 693 1627 in
713 1581 834 1629 omnes
855 1566 944 1628 artes
964 1559 1140 1630 discursus
1159 1568 1227 1643 est;
1249 1561 1324 1630 ins-

198 1678 282 1746 truit
296 1677 399 1745 etiam
413 1697 500 1764 quos
515 1677 663 1744 nonsibi
678 1684 823 1745 exercet.
842 1677 986 1745 Paterno
1002 1683 1183 1746 contentus
1198 1675 1320 1746 ordine

197 1791 332 1861 subduc
363 1792 508 1864 fortunae
537 1811 698 1881 magnam
731 1792 781 1861 tui
810 1799 953 1880 partem.
984 1791 1062 1860 Erat
1090 1793 1230 1881 quidem
1260 1792 1322 1860 tibi

197 1910 311 1998 majus
337 1908 516 1996 ingenium
544 1928 647 1997 quam
676 1908 941 1993 auribustuis,
968 1909 1125 1976 omnium
1151 1908 1321 1977 bonarum
1414 1931 1420 1940 ’

197 2025 325 2092 artium
346 2025 606 2113 capacissimum
631 2048 639 2090 :
667 2031 718 2093 est
738 2030 773 2093 et
796 2023 863 2092 hoo
885 2025 997 2113 ipsum
1017 2024 1167 2093 melioris
1190 2024 1323 2111 ingenii-

199 2141 342 2229 pignus‚
356 2160 424 2207 non
442 2141 614 2230 corrumpi
629 2140 782 2208 bonitate
797 2142 883 2229 ejus,
895 2146 935 2207 ut
948 2139 1007 2207 illo
1022 2140 1112 2207 male
1127 2141 1243 2208 utaris.
1257 2138 1321 2206 Sed

197 2255 365 2344 quoniam
387 2254 550 2324 fratribus
571 2257 640 2323 tuis
659 2254 839 2323 ambitiosa
863 2275 950 2323 curae
970 2262 1052 2322 sunt
1069 2255 1212 2342 loroque
1232 2275 1269 2322 sa
1288 2259 1322 2322 et

197 2369 388 2438 honoribus
410 2376 531 2459 parant
556 2370 593 2436 in
618 2370 744 2459 quibus
768 2370 842 2458 ipsa
865 2390 941 2458 quae
964 2376 1144 2458 sperantur
1167 2368 1322 2437 timenda

197 2492 292 2567 sunt,
309 2505 372 2574 ego
393 2485 528 2553 duobus
543 2486 622 2554 filiis
646 2486 888 2574 navigantibus
910 2493 942 2554 te
961 2486 995 2552 in
1018 2492 1119 2576 portu
1138 2487 1282 2555 retineo.
1302 2510 1318 2547 o

243 2601 323 2670 Sine
343 2601 447 2670 dubio
471 2600 548 2670 haec
571 2601 676 2669 addit.
704 2629 720 2662 «
746 2601 900 2670 Proderit
922 2602 981 2668 tibi
1005 2603 1040 2669 in
1065 2603 1123 2670 ille
1147 2623 1223 2690 quae
1248 2607 1318 2668 tota

196 2724 314 2786 mente
333 2719 439 2806 agitas
458 2716 672 2786 declamandi
695 2719 901 2786 exercitatio.
921 2745 937 2780 »
959 2719 1025 2786 Sed
1044 2738 1137 2804 eum,
1155 2718 1213 2805 qui
1232 2716 1320 2784 bene

195 2833 337 2922 ingenio
353 2834 469 2917 utitur,
487 2832 735 2902 declamatione
756 2840 957 2901 contentum
973 2833 1044 2901 lore
1063 2835 1199 2902 letetur.
1222 2833 1319 2899 Certe

195 2946 332 3015 facilem
351 2945 393 3014 ab
415 2947 479 3016 bac
500 2948 536 3014 in
564 2966 686 3014 omnes
710 2953 799 3014 artes
823 2946 1017 3014 discursum
1040 2966 1115 3015 esse
1140 2945 1235 3028 dicit;
1258 2943 1319 3013 sed

196 3065 314 3132 minus
329 3066 556 3153 periculosum
573 3073 636 3149 est,
653 3063 714 3132 sed
729 3063 838 3132 multo
853 3065 959 3133 satius
974 3071 1026 3134 est
1041 3065 1076 3132 in
1091 3071 1205 3153 portu,
1218 3062 1253 3130 id
1268 3068 1321 3131 est

195 3182 234 3247 in
260 3179 506 3249 declamatione
521 3159 671 3249 retineri.
845 3267 848 3272 A
1252 3260 1254 3264 f

244 3295 316 3363 Hoc
334 3293 426 3364 idem
445 3297 543 3363 multi
561 3296 596 3363 in
617 3297 676 3363 illa
695 3303 793 3365 aetate
812 3296 987 3385 putabant,
1006 3297 1063 3384 qui
1078 3295 1319 3363 adulescentes

195 3411 233 3476 in
256 3411 383 3479 sobolis
405 3411 599 3493 studebant,
621 3411 656 3478 in
681 3433 766 3500 quas
787 3414 933 3500 juvenes
955 3419 988 3480 et
1011 3431 1112 3480 senes
1131 3409 1317 3480 redibant:

193 3526 356 3594 haeserat
374 3527 442 3594 illis
460 3548 541 3596 vera
562 3527 768 3616 eloquentia,
787 3548 857 3596 non
877 3527 1082 3616 eloquentiae
1101 3527 1315 3616 preparatio.

192 3643 243 3710 De
273 3642 420 3730 quodam
450 3643 679 3712 declamatore
706 3646 833 3713 Seneca
860 3665 930 3713 non
959 3643 1002 3711 ad
1030 3643 1315 3732 vituperationem

191 3756 297 3827 dicit:
317 3785 334 3820 «
351 3759 597 3827 Declamitabat
610 3766 644 3842 et
659 3766 728 3827 tem
744 3758 926 3849 diligenter
944 3767 982 3827 ut
1000 3765 1137 3848 putares
1152 3759 1247 3826 illum
1267 3756 1317 3822 illi

188 3872 306 3942 studio
321 3875 443 3964 parari,
462 3896 532 3943 non
547 3895 611 3964 per
626 3876 711 3942 illud
728 3876 824 3944 alteri
839 3876 1033 3965 praeparari.
1055 3902 1071 3938 o
1128 3927 1151 3946 -.

236 3991 276 4056 ln
291 3988 345 4059 bis
365 3990 492 4060 scholis
510 3992 689 4061 institutus
709 3999 761 4060 est
776 3993 911 4061 Cassius
927 3993 1085 4060 Severus.

228 4257 251 4306 1.
265 4254 335 4317 Suc,
350 4255 434 4315 Goot„
448 4257 495 4308 lib.
506 4258 539 4321 ll,
553 4259 627 4320 praef.
