<?xml version="1.0" encoding="UTF-8"?>
<!DOCTYPE html PUBLIC "-//W3C//DTD XHTML 1.0 Transitional//EN"
    "http://www.w3.org/TR/xhtml1/DTD/xhtml1-transitional.dtd">
<html xmlns="http://www.w3.org/1999/xhtml" xml:lang="en" lang="en">
 <head>
  <title>
</title>
<meta http-equiv="Content-Type" content="text/html;charset=utf-8" />
  <meta name='ocr-system' content='tesseract 3.04.00' />
  <meta name='ocr-capabilities' content='ocr_page ocr_carea ocr_par ocr_line ocrx_word'/>
</head>
<body>
  <div class='ocr_page' id='page_1' title='image "./decassiiseverie00robegoog_0087.png"; bbox 0 0 3148 5042; ppageno 0'>
   <div class='ocr_carea' id='block_1_1' title="bbox 742 491 901 558">
    <p class='ocr_par' dir='ltr' id='par_1_1' title="bbox 742 491 901 558">
     <span class='ocr_line' id='line_1_1' title="bbox 742 491 901 558; baseline 0 -16"><span class='ocrx_word' id='word_1_1' title='bbox 742 491 901 558; x_wconf 74' lang='grc'><strong>..68-</strong></span> 
     </span>
    </p>
   </div>
   <div class='ocr_carea' id='block_1_2' title="bbox 235 652 1381 3978">
    <p class='ocr_par' dir='ltr' id='par_1_2' title="bbox 268 652 1279 746">
     <span class='ocr_line' id='line_1_2' title="bbox 268 652 1279 746; baseline -0.008 -17"><span class='ocrx_word' id='word_1_2' title='bbox 268 682 272 692; x_wconf 75' lang='grc'><em>’</em></span> <span class='ocrx_word' id='word_1_3' title='bbox 302 662 486 729; x_wconf 72' lang='lat' dir='ltr'><strong>Accusator</strong></span> <span class='ocrx_word' id='word_1_4' title='bbox 503 676 645 746; x_wconf 87' lang='lat' dir='ltr'><strong>quoque.</strong></span> <span class='ocrx_word' id='word_1_5' title='bbox 655 655 792 724; x_wconf 83' lang='lat' dir='ltr'><strong>Cassius</strong></span> <span class='ocrx_word' id='word_1_6' title='bbox 810 655 956 723; x_wconf 87' lang='lat' dir='ltr'><strong>Severus</strong></span> <span class='ocrx_word' id='word_1_7' title='bbox 974 652 1167 722; x_wconf 80' lang='lat' dir='ltr'><strong>timebatur.</strong></span> <span class='ocrx_word' id='word_1_8' title='bbox 1276 661 1279 669; x_wconf 74' lang='grc'>“</span> 
     </span>
    </p>

    <p class='ocr_par' dir='ltr' id='par_1_3' title="bbox 256 771 1377 960">
     <span class='ocr_line' id='line_1_3' title="bbox 301 771 1377 860; baseline -0.003 -16"><span class='ocrx_word' id='word_1_9' title='bbox 301 775 432 844; x_wconf 79' lang='lat' dir='ltr'><strong>Tacitus</strong></span> <span class='ocrx_word' id='word_1_10' title='bbox 455 773 572 842; x_wconf 80' lang='lat' dir='ltr'><strong>scribit</strong></span> <span class='ocrx_word' id='word_1_11' title='bbox 602 794 610 840; x_wconf 97' lang='lat'><strong>:</strong></span> <span class='ocrx_word' id='word_1_12' title='bbox 643 799 660 834; x_wconf 89' lang='lat'>«</span> <span class='ocrx_word' id='word_1_13' title='bbox 693 771 828 839; x_wconf 85' lang='lat' dir='ltr'><strong>Cassius</strong></span> <span class='ocrx_word' id='word_1_14' title='bbox 859 771 1004 839; x_wconf 87' lang='lat' dir='ltr'><strong>Severus</strong></span> <span class='ocrx_word' id='word_1_15' title='bbox 1035 789 1104 837; x_wconf 92' lang='lat' dir='ltr'><strong>non</strong></span> <span class='ocrx_word' id='word_1_16' title='bbox 1139 776 1281 860; x_wconf 82' lang='lat' dir='ltr'><strong>pugnat,</strong></span> <span class='ocrx_word' id='word_1_17' title='bbox 1314 771 1377 841; x_wconf 90' lang='lat' dir='ltr'><strong>sed</strong></span> 
     </span>
     <span class='ocr_line' id='line_1_4' title="bbox 256 892 433 960; baseline -0.011 0"><span class='ocrx_word' id='word_1_18' title='bbox 256 892 386 960; x_wconf 71' lang='lat' dir='ltr'><strong>rixatur</strong></span> <span class='ocrx_word' id='word_1_19' title='bbox 404 917 433 958; x_wconf 81' lang='lat' dir='ltr'><strong>u.</strong></span> 
     </span>
    </p>

    <p class='ocr_par' dir='ltr' id='par_1_4' title="bbox 300 1001 990 1076">
     <span class='ocr_line' id='line_1_5' title="bbox 300 1001 990 1076; baseline -0.012 -1"><span class='ocrx_word' id='word_1_20' title='bbox 300 1009 425 1076; x_wconf 86' lang='lat' dir='ltr'><strong>Fronto</strong></span> <span class='ocrx_word' id='word_1_21' title='bbox 441 1007 450 1040; x_wconf 88' lang='lat'>¹</span> <span class='ocrx_word' id='word_1_22' title='bbox 471 1003 585 1072; x_wconf 84' lang='lat' dir='ltr'><strong>scribit</strong></span> <span class='ocrx_word' id='word_1_23' title='bbox 603 1024 610 1070; x_wconf 94' lang='lat'><strong>:</strong></span> <span class='ocrx_word' id='word_1_24' title='bbox 628 1029 644 1066; x_wconf 72' lang='lat' dir='ltr'><strong>a</strong></span> <span class='ocrx_word' id='word_1_25' title='bbox 673 1002 796 1070; x_wconf 84' lang='lat' dir='ltr'><strong>Calvus</strong></span> <span class='ocrx_word' id='word_1_26' title='bbox 815 1001 990 1069; x_wconf 87' lang='lat' dir='ltr'><strong>rixatur».</strong></span> 
     </span>
    </p>

    <p class='ocr_par' dir='ltr' id='par_1_5' title="bbox 235 1115 1131 1206">
     <span class='ocr_line' id='line_1_6' title="bbox 235 1115 1131 1206; baseline -0.007 -15"><span class='ocrx_word' id='word_1_27' title='bbox 235 1165 238 1172; x_wconf 90' lang='lat'><em>·</em></span> <span class='ocrx_word' id='word_1_28' title='bbox 300 1123 403 1191; x_wconf 84' lang='lat' dir='ltr'><strong>Calvo</strong></span> <span class='ocrx_word' id='word_1_29' title='bbox 423 1127 456 1190; x_wconf 88' lang='lat' dir='ltr'><strong>et</strong></span> <span class='ocrx_word' id='word_1_30' title='bbox 470 1119 584 1188; x_wconf 84' lang='lat' dir='ltr'><strong>Cassio</strong></span> <span class='ocrx_word' id='word_1_31' title='bbox 599 1137 765 1188; x_wconf 91' lang='lat' dir='ltr'><strong>numerus</strong></span> <span class='ocrx_word' id='word_1_32' title='bbox 778 1125 812 1187; x_wconf 93' lang='lat' dir='ltr'><strong>et</strong></span> <span class='ocrx_word' id='word_1_33' title='bbox 827 1118 924 1206; x_wconf 91' lang='lat' dir='ltr'><strong>copia</strong></span> <span class='ocrx_word' id='word_1_34' title='bbox 938 1115 1131 1185; x_wconf 83' lang='lat' dir='ltr'><strong>defuerunt.</strong></span> 
     </span>
    </p>

    <p class='ocr_par' dir='ltr' id='par_1_6' title="bbox 253 1233 1381 1899">
     <span class='ocr_line' id='line_1_7' title="bbox 299 1233 1381 1335; baseline -0.005 -29"><span class='ocrx_word' id='word_1_35' title='bbox 299 1238 423 1306; x_wconf 83' lang='lat' dir='ltr'><strong>Calvus</strong></span> <span class='ocrx_word' id='word_1_36' title='bbox 438 1236 500 1304; x_wconf 92' lang='lat' dir='ltr'><strong>has</strong></span> <span class='ocrx_word' id='word_1_37' title='bbox 519 1235 640 1303; x_wconf 90' lang='lat' dir='ltr'><strong>breves</strong></span> <span class='ocrx_word' id='word_1_38' title='bbox 655 1240 689 1303; x_wconf 87' lang='lat' dir='ltr'><strong>et</strong></span> <span class='ocrx_word' id='word_1_39' title='bbox 707 1239 844 1322; x_wconf 86' lang='lat' dir='ltr'><strong>argutas</strong></span> <span class='ocrx_word' id='word_1_40' title='bbox 863 1233 1050 1335; x_wconf 74' lang='lat' dir='ltr'><strong>sententias</strong></span> <span class='ocrx_word' id='word_1_41' title='bbox 1064 1237 1168 1318; x_wconf 90' lang='lat' dir='ltr'><strong>amat,</strong></span> <span class='ocrx_word' id='word_1_42' title='bbox 1187 1253 1264 1321; x_wconf 83' lang='lat' dir='ltr'><strong>quae</strong></span> <span class='ocrx_word' id='word_1_43' title='bbox 1282 1233 1381 1302; x_wconf 86' lang='lat' dir='ltr'><strong>efful-</strong></span> 
     </span>
     <span class='ocr_line' id='line_1_8' title="bbox 253 1347 1379 1445; baseline -0.004 -22"><span class='ocrx_word' id='word_1_44' title='bbox 253 1359 347 1445; x_wconf 82' lang='lat' dir='ltr'><strong>gent,</strong></span> <span class='ocrx_word' id='word_1_45' title='bbox 378 1352 496 1421; x_wconf 89' lang='lat' dir='ltr'><strong>oculos</strong></span> <span class='ocrx_word' id='word_1_46' title='bbox 516 1351 762 1441; x_wconf 85' lang='lat' dir='ltr'><strong>perstringunt,</strong></span> <span class='ocrx_word' id='word_1_47' title='bbox 786 1354 819 1416; x_wconf 88' lang='lat' dir='ltr'><strong>et</strong></span> <span class='ocrx_word' id='word_1_48' title='bbox 846 1375 862 1410; x_wconf 88' lang='lat'>«</span> <span class='ocrx_word' id='word_1_49' title='bbox 889 1347 968 1436; x_wconf 87' lang='lat' dir='ltr'><strong>ptus</strong></span> <span class='ocrx_word' id='word_1_50' title='bbox 989 1367 1154 1416; x_wconf 90' lang='lat' dir='ltr'><strong>sensuum</strong></span> <span class='ocrx_word' id='word_1_51' title='bbox 1178 1369 1282 1436; x_wconf 91' lang='lat' dir='ltr'><strong>quam</strong></span> <span class='ocrx_word' id='word_1_52' title='bbox 1304 1369 1379 1418; x_wconf 87' lang='lat' dir='ltr'><strong>vcr-</strong></span> 
     </span>
     <span class='ocr_line' id='line_1_9' title="bbox 253 1461 1379 1554; baseline -0.004 -17"><span class='ocrx_word' id='word_1_53' title='bbox 253 1469 375 1538; x_wconf 89' lang='lat' dir='ltr'><strong>borum</strong></span> <span class='ocrx_word' id='word_1_54' title='bbox 391 1466 519 1535; x_wconf 86' lang='lat' dir='ltr'><strong>habent</strong></span> <span class='ocrx_word' id='word_1_55' title='bbox 535 1492 551 1528; x_wconf 90' lang='lat'>»</span> <span class='ocrx_word' id='word_1_56' title='bbox 560 1492 570 1550; x_wconf 92' lang='lat'>;</span> <span class='ocrx_word' id='word_1_57' title='bbox 588 1464 713 1554; x_wconf 86' lang='lat' dir='ltr'><strong>premit</strong></span> <span class='ocrx_word' id='word_1_58' title='bbox 728 1484 805 1553; x_wconf 77' lang='lat' dir='ltr'><strong>quac</strong></span> <span class='ocrx_word' id='word_1_59' title='bbox 821 1463 863 1532; x_wconf 85' lang='lat' dir='ltr'><strong>eb</strong></span> <span class='ocrx_word' id='word_1_60' title='bbox 878 1462 955 1531; x_wconf 91' lang='lat' dir='ltr'><strong>aliis</strong></span> <span class='ocrx_word' id='word_1_61' title='bbox 969 1461 1192 1532; x_wconf 82' lang='lat' dir='ltr'><strong>dilatarentur</strong></span> <span class='ocrx_word' id='word_1_62' title='bbox 1208 1462 1311 1532; x_wconf 90' lang='lat' dir='ltr'><strong>:inde</strong></span> <span class='ocrx_word' id='word_1_63' title='bbox 1324 1464 1379 1534; x_wconf 82' lang='lat' dir='ltr'><strong>vis</strong></span> 
     </span>
     <span class='ocr_line' id='line_1_10' title="bbox 254 1576 1380 1672; baseline -0.004 -21"><span class='ocrx_word' id='word_1_64' title='bbox 254 1585 376 1672; x_wconf 91' lang='lat' dir='ltr'><strong>major,</strong></span> <span class='ocrx_word' id='word_1_65' title='bbox 399 1580 505 1650; x_wconf 88' lang='lat' dir='ltr'><strong>oratio</strong></span> <span class='ocrx_word' id='word_1_66' title='bbox 524 1578 728 1662; x_wconf 88' lang='lat' dir='ltr'><strong>adstrictior,</strong></span> <span class='ocrx_word' id='word_1_67' title='bbox 751 1599 827 1666; x_wconf 88' lang='lat' dir='ltr'><strong>quae</strong></span> <span class='ocrx_word' id='word_1_68' title='bbox 847 1576 955 1646; x_wconf 89' lang='lat' dir='ltr'><strong>doctis</strong></span> <span class='ocrx_word' id='word_1_69' title='bbox 976 1577 1097 1666; x_wconf 86' lang='lat' dir='ltr'><strong>placet,</strong></span> <span class='ocrx_word' id='word_1_70' title='bbox 1119 1599 1137 1646; x_wconf 87' lang='lat' dir='ltr'><strong>a</strong></span> <span class='ocrx_word' id='word_1_71' title='bbox 1157 1577 1380 1647; x_wconf 87' lang='lat' dir='ltr'><strong>multitudine</strong></span> 
     </span>
     <span class='ocr_line' id='line_1_11' title="bbox 253 1692 1381 1779; baseline -0.004 -10"><span class='ocrx_word' id='word_1_72' title='bbox 253 1706 369 1769; x_wconf 89' lang='lat' dir='ltr'><strong>autem</strong></span> <span class='ocrx_word' id='word_1_73' title='bbox 400 1695 593 1766; x_wconf 88' lang='lat' dir='ltr'><strong>devoratur.</strong></span> <span class='ocrx_word' id='word_1_74' title='bbox 627 1722 643 1758; x_wconf 91' lang='lat'>«</span> <span class='ocrx_word' id='word_1_75' title='bbox 669 1693 839 1763; x_wconf 88' lang='lat' dir='ltr'><strong>Factum¹</strong></span> <span class='ocrx_word' id='word_1_76' title='bbox 870 1692 1036 1762; x_wconf 89' lang='lat' dir='ltr'><strong>ambitum</strong></span> <span class='ocrx_word' id='word_1_77' title='bbox 1061 1693 1154 1762; x_wconf 87' lang='lat' dir='ltr'><strong>scitis</strong></span> <span class='ocrx_word' id='word_1_78' title='bbox 1181 1714 1319 1779; x_wconf 90' lang='lat' dir='ltr'><strong>omnes,</strong></span> <span class='ocrx_word' id='word_1_79' title='bbox 1344 1703 1381 1764; x_wconf 87' lang='lat' dir='ltr'><strong>et</strong></span> 
     </span>
     <span class='ocr_line' id='line_1_12' title="bbox 253 1811 824 1899; baseline -0.023 -14"><span class='ocrx_word' id='word_1_80' title='bbox 253 1817 320 1885; x_wconf 92' lang='lat' dir='ltr'><strong>hoc</strong></span> <span class='ocrx_word' id='word_1_81' title='bbox 338 1835 400 1883; x_wconf 90' lang='lat' dir='ltr'><strong>vos</strong></span> <span class='ocrx_word' id='word_1_82' title='bbox 420 1812 505 1882; x_wconf 90' lang='lat' dir='ltr'><strong>scire</strong></span> <span class='ocrx_word' id='word_1_83' title='bbox 521 1813 649 1899; x_wconf 65' lang='lat' dir='ltr'><strong>{omnes</strong></span> <span class='ocrx_word' id='word_1_84' title='bbox 664 1811 788 1879; x_wconf 89' lang='lat' dir='ltr'><strong>sciunt.</strong></span> <span class='ocrx_word' id='word_1_85' title='bbox 807 1837 824 1873; x_wconf 87' lang='lat'>»</span> 
     </span>
    </p>

    <p class='ocr_par' dir='ltr' id='par_1_7' title="bbox 251 1924 1378 2365">
     <span class='ocr_line' id='line_1_13' title="bbox 299 1924 1378 2018; baseline 0.004 -26"><span class='ocrx_word' id='word_1_86' title='bbox 299 1960 315 1992; x_wconf 87' lang='lat'>«</span> <span class='ocrx_word' id='word_1_87' title='bbox 346 1931 421 1998; x_wconf 92' lang='lat' dir='ltr'><strong>Non</strong></span> <span class='ocrx_word' id='word_1_88' title='bbox 448 1929 555 2018; x_wconf 79' lang='lat' dir='ltr'><strong>erg0⁸</strong></span> <span class='ocrx_word' id='word_1_89' title='bbox 583 1927 693 2016; x_wconf 83' lang='lat' dir='ltr'><strong>magis</strong></span> <span class='ocrx_word' id='word_1_90' title='bbox 717 1926 944 2016; x_wconf 84' lang='lat' dir='ltr'><strong>pecuniarum</strong></span> <span class='ocrx_word' id='word_1_91' title='bbox 967 1924 1247 2014; x_wconf 89' lang='lat' dir='ltr'><strong>repetundarum,</strong></span> <span class='ocrx_word' id='word_1_92' title='bbox 1273 1947 1378 2015; x_wconf 90' lang='lat' dir='ltr'><strong>quam</strong></span> 
     </span>
     <span class='ocr_line' id='line_1_14' title="bbox 252 2040 1376 2135; baseline -0.004 -20"><span class='ocrx_word' id='word_1_93' title='bbox 252 2045 451 2135; x_wconf 88' lang='lat' dir='ltr'><strong>majestatis,</strong></span> <span class='ocrx_word' id='word_1_94' title='bbox 482 2062 595 2132; x_wconf 89' lang='lat' dir='ltr'><strong>neque</strong></span> <span class='ocrx_word' id='word_1_95' title='bbox 619 2041 807 2131; x_wconf 87' lang='lat' dir='ltr'><strong>majestatis</strong></span> <span class='ocrx_word' id='word_1_96' title='bbox 835 2040 943 2130; x_wconf 84' lang='lat' dir='ltr'><strong>magis</strong></span> <span class='ocrx_word' id='word_1_97' title='bbox 971 2061 1075 2131; x_wconf 86' lang='lat' dir='ltr'><strong>quam</strong></span> <span class='ocrx_word' id='word_1_98' title='bbox 1106 2041 1247 2109; x_wconf 83' lang='lat' dir='ltr'><strong>Plautiae</strong></span> <span class='ocrx_word' id='word_1_99' title='bbox 1275 2042 1376 2132; x_wconf 81' lang='lat' dir='ltr'><strong>legis,</strong></span> 
     </span>
     <span class='ocr_line' id='line_1_15' title="bbox 251 2155 1378 2251; baseline -0.002 -21"><span class='ocrx_word' id='word_1_100' title='bbox 251 2181 365 2251; x_wconf 86' lang='lat' dir='ltr'><strong>neque</strong></span> <span class='ocrx_word' id='word_1_101' title='bbox 384 2159 524 2228; x_wconf 83' lang='lat' dir='ltr'><strong>Plautiae</strong></span> <span class='ocrx_word' id='word_1_102' title='bbox 546 2159 631 2246; x_wconf 86' lang='lat' dir='ltr'><strong>legis</strong></span> <span class='ocrx_word' id='word_1_103' title='bbox 655 2158 764 2246; x_wconf 82' lang='lat' dir='ltr'><strong>magis</strong></span> <span class='ocrx_word' id='word_1_104' title='bbox 783 2177 886 2245; x_wconf 91' lang='lat' dir='ltr'><strong>quam</strong></span> <span class='ocrx_word' id='word_1_105' title='bbox 909 2155 1067 2240; x_wconf 86' lang='lat' dir='ltr'><strong>ambitus,</strong></span> <span class='ocrx_word' id='word_1_106' title='bbox 1092 2177 1204 2246; x_wconf 89' lang='lat' dir='ltr'><strong>neque</strong></span> <span class='ocrx_word' id='word_1_107' title='bbox 1228 2157 1378 2228; x_wconf 89' lang='lat' dir='ltr'><strong>ambitus</strong></span> 
     </span>
     <span class='ocr_line' id='line_1_16' title="bbox 252 2270 1177 2365; baseline -0.013 -19"><span class='ocrx_word' id='word_1_108' title='bbox 252 2278 361 2365; x_wconf 82' lang='lat' dir='ltr'><strong>magis</strong></span> <span class='ocrx_word' id='word_1_109' title='bbox 381 2295 484 2364; x_wconf 87' lang='lat' dir='ltr'><strong>quam</strong></span> <span class='ocrx_word' id='word_1_110' title='bbox 500 2275 655 2343; x_wconf 91' lang='lat' dir='ltr'><strong>omnium</strong></span> <span class='ocrx_word' id='word_1_111' title='bbox 671 2274 788 2360; x_wconf 85' lang='lat' dir='ltr'><strong>legum</strong></span> <span class='ocrx_word' id='word_1_112' title='bbox 805 2270 932 2362; x_wconf 90' lang='lat' dir='ltr'><strong>judicia</strong></span> <span class='ocrx_word' id='word_1_113' title='bbox 951 2273 1135 2360; x_wconf 86' lang='lat' dir='ltr'><strong>perierunt.</strong></span> <span class='ocrx_word' id='word_1_114' title='bbox 1160 2300 1177 2335; x_wconf 87' lang='lat'>»</span> 
     </span>
    </p>

    <p class='ocr_par' dir='ltr' id='par_1_8' title="bbox 249 2387 1376 2597">
     <span class='ocr_line' id='line_1_17' title="bbox 296 2387 1376 2478; baseline 0 -19"><span class='ocrx_word' id='word_1_115' title='bbox 296 2394 385 2472; x_wconf 86' lang='lat' dir='ltr'><strong>Quas</strong></span> <span class='ocrx_word' id='word_1_116' title='bbox 400 2391 587 2461; x_wconf 89' lang='lat' dir='ltr'><strong>sententias</strong></span> <span class='ocrx_word' id='word_1_117' title='bbox 597 2394 632 2458; x_wconf 92' lang='lat' dir='ltr'><strong>et</strong></span> <span class='ocrx_word' id='word_1_118' title='bbox 646 2387 737 2478; x_wconf 89' lang='lat' dir='ltr'><strong>apud</strong></span> <span class='ocrx_word' id='word_1_119' title='bbox 753 2388 906 2456; x_wconf 89' lang='lat' dir='ltr'><strong>Cassium</strong></span> <span class='ocrx_word' id='word_1_120' title='bbox 923 2389 1085 2457; x_wconf 89' lang='lat' dir='ltr'><strong>Severum</strong></span> <span class='ocrx_word' id='word_1_121' title='bbox 1100 2393 1133 2456; x_wconf 88' lang='lat' dir='ltr'><strong>et</strong></span> <span class='ocrx_word' id='word_1_122' title='bbox 1143 2388 1233 2478; x_wconf 90' lang='lat' dir='ltr'><strong>apud</strong></span> <span class='ocrx_word' id='word_1_123' title='bbox 1245 2395 1376 2458; x_wconf 88' lang='lat' dir='ltr'><strong>ceteros</strong></span> 
     </span>
     <span class='ocr_line' id='line_1_18' title="bbox 249 2503 1305 2597; baseline -0.004 -20"><span class='ocrx_word' id='word_1_124' title='bbox 249 2507 405 2597; x_wconf 89' lang='lat' dir='ltr'><strong>ejusdem</strong></span> <span class='ocrx_word' id='word_1_125' title='bbox 421 2507 528 2574; x_wconf 88' lang='lat' dir='ltr'><strong>aetatis</strong></span> <span class='ocrx_word' id='word_1_126' title='bbox 548 2508 700 2573; x_wconf 88' lang='lat' dir='ltr'><strong>oratores</strong></span> <span class='ocrx_word' id='word_1_127' title='bbox 720 2503 985 2589; x_wconf 83' lang='lat' dir='ltr'><strong>increbrescere,</strong></span> <span class='ocrx_word' id='word_1_128' title='bbox 1003 2522 1073 2571; x_wconf 93' lang='lat' dir='ltr'><strong>non</strong></span> <span class='ocrx_word' id='word_1_129' title='bbox 1093 2505 1305 2594; x_wconf 85' lang='lat' dir='ltr'><strong>ignoramus.</strong></span> 
     </span>
    </p>

    <p class='ocr_par' dir='ltr' id='par_1_9' title="bbox 250 2618 1379 3048">
     <span class='ocr_line' id='line_1_19' title="bbox 298 2618 1305 2710; baseline -0.002 -26"><span class='ocrx_word' id='word_1_130' title='bbox 298 2649 314 2684; x_wconf 86' lang='lat'>«</span> <span class='ocrx_word' id='word_1_131' title='bbox 334 2621 454 2690; x_wconf 90' lang='lat' dir='ltr'><strong>Nescio</strong></span> <span class='ocrx_word' id='word_1_132' title='bbox 475 2622 532 2710; x_wconf 89' lang='lat' dir='ltr'><strong>qui</strong></span> <span class='ocrx_word' id='word_1_133' title='bbox 549 2618 727 2690; x_wconf 88' lang='lat' dir='ltr'><strong>conviciati</strong></span> <span class='ocrx_word' id='word_1_134' title='bbox 744 2619 830 2705; x_wconf 85' lang='lat' dir='ltr'><strong>sint;</strong></span> <span class='ocrx_word' id='word_1_135' title='bbox 848 2626 882 2688; x_wconf 88' lang='lat' dir='ltr'><strong>et</strong></span> <span class='ocrx_word' id='word_1_136' title='bbox 903 2626 985 2708; x_wconf 91' lang='lat' dir='ltr'><strong>puto</strong></span> <span class='ocrx_word' id='word_1_137' title='bbox 1002 2619 1127 2688; x_wconf 83' lang='lat' dir='ltr'><strong>stoicos</strong></span> <span class='ocrx_word' id='word_1_138' title='bbox 1143 2620 1261 2690; x_wconf 83' lang='lat' dir='ltr'><strong>fuisse.</strong></span> <span class='ocrx_word' id='word_1_139' title='bbox 1289 2648 1305 2683; x_wconf 73' lang='lat' dir='ltr'><strong>o</strong></span> 
     </span>
     <span class='ocr_line' id='line_1_20' title="bbox 259 2721 1379 2825; baseline 0.003 -21"><span class='ocrx_word' id='word_1_140' title='bbox 259 2721 262 2732; x_wconf 76' lang='grc'><strong>’</strong></span> <span class='ocrx_word' id='word_1_141' title='bbox 299 2738 435 2822; x_wconf 68' lang='lat' dir='ltr'><strong>Calvus</strong></span> <span class='ocrx_word' id='word_1_142' title='bbox 461 2745 500 2805; x_wconf 88' lang='lat' dir='ltr'><strong>ut</strong></span> <span class='ocrx_word' id='word_1_143' title='bbox 525 2742 642 2805; x_wconf 92' lang='lat' dir='ltr'><strong>noster</strong></span> <span class='ocrx_word' id='word_1_144' title='bbox 665 2734 800 2804; x_wconf 85' lang='lat' dir='ltr'><strong>Cassius</strong></span> <span class='ocrx_word' id='word_1_145' title='bbox 823 2737 980 2822; x_wconf 89' lang='lat' dir='ltr'><strong>Severus,</strong></span> <span class='ocrx_word' id='word_1_146' title='bbox 1006 2735 1219 2805; x_wconf 86' lang='lat' dir='ltr'><strong>adversarios</strong></span> <span class='ocrx_word' id='word_1_147' title='bbox 1243 2737 1315 2825; x_wconf 84' lang='lat' dir='ltr'><strong>figit</strong></span> <span class='ocrx_word' id='word_1_148' title='bbox 1342 2743 1379 2807; x_wconf 86' lang='lat' dir='ltr'><strong>et</strong></span> 
     </span>
     <span class='ocr_line' id='line_1_21' title="bbox 250 2849 1379 2940; baseline 0.004 -21"><span class='ocrx_word' id='word_1_149' title='bbox 250 2849 357 2936; x_wconf 83' lang='lat' dir='ltr'><strong>laedit,</strong></span> <span class='ocrx_word' id='word_1_150' title='bbox 380 2873 451 2919; x_wconf 89' lang='lat' dir='ltr'><strong>non</strong></span> <span class='ocrx_word' id='word_1_151' title='bbox 475 2852 590 2919; x_wconf 91' lang='lat' dir='ltr'><strong>solum</strong></span> <span class='ocrx_word' id='word_1_152' title='bbox 609 2853 644 2919; x_wconf 94' lang='lat' dir='ltr'><strong>in</strong></span> <span class='ocrx_word' id='word_1_153' title='bbox 670 2851 878 2920; x_wconf 85' lang='lat' dir='ltr'><strong>carminibus</strong></span> <span class='ocrx_word' id='word_1_154' title='bbox 901 2872 977 2940; x_wconf 85' lang='lat' dir='ltr'><strong>quae</strong></span> <span class='ocrx_word' id='word_1_155' title='bbox 1000 2879 1017 2914; x_wconf 92' lang='lat'>«</span> <span class='ocrx_word' id='word_1_156' title='bbox 1035 2851 1152 2939; x_wconf 76' lang='lat' dir='ltr'><strong>Jocosa</strong></span> <span class='ocrx_word' id='word_1_157' title='bbox 1170 2853 1182 2887; x_wconf 75' lang='lat'>⁸</span> <span class='ocrx_word' id='word_1_158' title='bbox 1202 2857 1283 2920; x_wconf 90' lang='lat' dir='ltr'><strong>sunt</strong></span> <span class='ocrx_word' id='word_1_159' title='bbox 1304 2879 1320 2914; x_wconf 75' lang='lat' dir='ltr'><strong>n</strong></span> <span class='ocrx_word' id='word_1_160' title='bbox 1341 2863 1379 2922; x_wconf 93' lang='lat' dir='ltr'><strong>et</strong></span> 
     </span>
     <span class='ocr_line' id='line_1_22' title="bbox 254 2965 961 3048; baseline 0.001 -14"><span class='ocrx_word' id='word_1_161' title='bbox 254 2967 270 3030; x_wconf 77' lang='lat' dir='ltr'><strong>i&lt;</strong></span> <span class='ocrx_word' id='word_1_162' title='bbox 286 2987 401 3035; x_wconf 88' lang='lat' dir='ltr'><strong>amara</strong></span> <span class='ocrx_word' id='word_1_163' title='bbox 419 2971 430 3004; x_wconf 78' lang='lat'><strong>⁸</strong></span> <span class='ocrx_word' id='word_1_164' title='bbox 446 2994 476 3048; x_wconf 89' lang='lat'><strong>»,</strong></span> <span class='ocrx_word' id='word_1_165' title='bbox 494 2965 554 3036; x_wconf 91' lang='lat' dir='ltr'><strong>scd</strong></span> <span class='ocrx_word' id='word_1_166' title='bbox 569 2966 672 3034; x_wconf 89' lang='lat' dir='ltr'><strong>etiam</strong></span> <span class='ocrx_word' id='word_1_167' title='bbox 687 2968 722 3035; x_wconf 94' lang='lat' dir='ltr'><strong>in</strong></span> <span class='ocrx_word' id='word_1_168' title='bbox 738 2966 961 3035; x_wconf 91' lang='lat' dir='ltr'><strong>orationibus.</strong></span> 
     </span>
    </p>

    <p class='ocr_par' dir='ltr' id='par_1_10' title="bbox 252 3081 1373 3288">
     <span class='ocr_line' id='line_1_23' title="bbox 296 3081 1373 3172; baseline 0.01 -30"><span class='ocrx_word' id='word_1_169' title='bbox 296 3108 313 3143; x_wconf 84' lang='lat'>«</span> <span class='ocrx_word' id='word_1_170' title='bbox 330 3081 474 3150; x_wconf 86' lang='lat' dir='ltr'><strong>Peririca</strong></span> <span class='ocrx_word' id='word_1_171' title='bbox 489 3081 657 3150; x_wconf 78' lang='lat' dir='ltr'><strong>frontem⁶</strong></span> <span class='ocrx_word' id='word_1_172' title='bbox 671 3092 705 3150; x_wconf 92' lang='lat' dir='ltr'><strong>et</strong></span> <span class='ocrx_word' id='word_1_173' title='bbox 720 3081 773 3150; x_wconf 90' lang='lat' dir='ltr'><strong>dic</strong></span> <span class='ocrx_word' id='word_1_174' title='bbox 787 3089 819 3151; x_wconf 89' lang='lat' dir='ltr'><strong>te</strong></span> <span class='ocrx_word' id='word_1_175' title='bbox 830 3081 1035 3168; x_wconf 83' lang='lat' dir='ltr'><strong>digniorem,</strong></span> <span class='ocrx_word' id='word_1_176' title='bbox 1047 3084 1105 3171; x_wconf 91' lang='lat' dir='ltr'><strong>qui</strong></span> <span class='ocrx_word' id='word_1_177' title='bbox 1120 3089 1246 3172; x_wconf 86' lang='lat' dir='ltr'><strong>praetor</strong></span> <span class='ocrx_word' id='word_1_178' title='bbox 1259 3084 1373 3170; x_wconf 84' lang='lat' dir='ltr'><strong>fieres,</strong></span> 
     </span>
     <span class='ocr_line' id='line_1_24' title="bbox 252 3197 1052 3288; baseline -0.006 -24"><span class='ocrx_word' id='word_1_179' title='bbox 252 3217 354 3288; x_wconf 89' lang='lat' dir='ltr'><strong>quam</strong></span> <span class='ocrx_word' id='word_1_180' title='bbox 370 3197 545 3266; x_wconf 86' lang='lat' dir='ltr'><strong>Catonem.</strong></span> <span class='ocrx_word' id='word_1_181' title='bbox 570 3223 586 3259; x_wconf 92' lang='lat'>»</span> <span class='ocrx_word' id='word_1_182' title='bbox 1045 3267 1052 3280; x_wconf 49' lang='lat'><strong>,</strong></span> 
     </span>
    </p>

    <p class='ocr_par' dir='ltr' id='par_1_11' title="bbox 250 3312 1377 3513">
     <span class='ocr_line' id='line_1_25' title="bbox 296 3312 1377 3402; baseline 0.011 -28"><span class='ocrx_word' id='word_1_183' title='bbox 296 3339 312 3374; x_wconf 88' lang='lat'>«</span> <span class='ocrx_word' id='word_1_184' title='bbox 329 3312 511 3382; x_wconf 89' lang='lat' dir='ltr'><strong>Hominem</strong></span> <span class='ocrx_word' id='word_1_185' title='bbox 526 3315 537 3348; x_wconf 90' lang='lat'>⁷</span> <span class='ocrx_word' id='word_1_186' title='bbox 550 3319 676 3381; x_wconf 83' lang='lat' dir='ltr'><strong>nostrae</strong></span> <span class='ocrx_word' id='word_1_187' title='bbox 697 3313 845 3382; x_wconf 90' lang='lat' dir='ltr'><strong>civitatis</strong></span> <span class='ocrx_word' id='word_1_188' title='bbox 863 3313 1144 3402; x_wconf 86' lang='lat' dir='ltr'><strong>audacissimum,</strong></span> <span class='ocrx_word' id='word_1_189' title='bbox 1162 3313 1206 3384; x_wconf 92' lang='lat' dir='ltr'><strong>de</strong></span> <span class='ocrx_word' id='word_1_190' title='bbox 1228 3315 1377 3386; x_wconf 87' lang='lat' dir='ltr'><strong>factione</strong></span> 
     </span>
     <span class='ocr_line' id='line_1_26' title="bbox 250 3419 1058 3513; baseline 0.002 -18"><span class='ocrx_word' id='word_1_191' title='bbox 250 3419 403 3513; x_wconf 91' lang='lat' dir='ltr'><strong>divitem,</strong></span> <span class='ocrx_word' id='word_1_192' title='bbox 421 3426 611 3510; x_wconf 89' lang='lat' dir='ltr'><strong>sordidum,</strong></span> <span class='ocrx_word' id='word_1_193' title='bbox 633 3429 829 3497; x_wconf 86' lang='lat' dir='ltr'><strong>maleficum</strong></span> <span class='ocrx_word' id='word_1_194' title='bbox 844 3427 1010 3497; x_wconf 86' lang='lat' dir='ltr'><strong>accusabo</strong></span> <span class='ocrx_word' id='word_1_195' title='bbox 1027 3453 1058 3497; x_wconf 73' lang='lat' dir='ltr'><strong>a.</strong></span> 
     </span>
    </p>

    <p class='ocr_par' dir='ltr' id='par_1_12' title="bbox 293 3537 1093 3628">
     <span class='ocr_line' id='line_1_27' title="bbox 293 3537 1093 3628; baseline 0.006 -23"><span class='ocrx_word' id='word_1_196' title='bbox 293 3540 342 3606; x_wconf 93' lang='lat' dir='ltr'><strong>Ne</strong></span> <span class='ocrx_word' id='word_1_197' title='bbox 362 3560 427 3607; x_wconf 93' lang='lat' dir='ltr'><strong>nos</strong></span> <span class='ocrx_word' id='word_1_198' title='bbox 441 3537 549 3628; x_wconf 86' lang='lat' dir='ltr'><strong>fugiat</strong></span> <span class='ocrx_word' id='word_1_199' title='bbox 564 3540 669 3608; x_wconf 88' lang='lat' dir='ltr'><strong>Cassii</strong></span> <span class='ocrx_word' id='word_1_200' title='bbox 688 3541 802 3609; x_wconf 88' lang='lat' dir='ltr'><strong>Severi</strong></span> <span class='ocrx_word' id='word_1_201' title='bbox 821 3568 837 3604; x_wconf 91' lang='lat'>«</span> <span class='ocrx_word' id='word_1_202' title='bbox 856 3541 1093 3610; x_wconf 89' lang='lat' dir='ltr'><strong>amaritudo».</strong></span> 
     </span>
    </p>

    <p class='ocr_par' dir='ltr' id='par_1_13' title="bbox 243 3652 1377 3978">
     <span class='ocr_line' id='line_1_28' title="bbox 293 3652 1373 3746; baseline 0.006 -26"><span class='ocrx_word' id='word_1_203' title='bbox 293 3652 381 3730; x_wconf 87' lang='lat' dir='ltr'><strong>Quin</strong></span> <span class='ocrx_word' id='word_1_204' title='bbox 396 3654 502 3721; x_wconf 90' lang='lat' dir='ltr'><strong>immo</strong></span> <span class='ocrx_word' id='word_1_205' title='bbox 517 3653 590 3722; x_wconf 85' lang='lat' dir='ltr'><strong>haec</strong></span> <span class='ocrx_word' id='word_1_206' title='bbox 605 3663 819 3740; x_wconf 91' lang='lat' dir='ltr'><strong>ornamenta,</strong></span> <span class='ocrx_word' id='word_1_207' title='bbox 839 3656 964 3745; x_wconf 91' lang='lat' dir='ltr'><strong>quibus</strong></span> <span class='ocrx_word' id='word_1_208' title='bbox 978 3663 1097 3746; x_wconf 91' lang='lat' dir='ltr'><strong>postea</strong></span> <span class='ocrx_word' id='word_1_209' title='bbox 1111 3658 1218 3727; x_wconf 90' lang='lat' dir='ltr'><strong>oratio</strong></span> <span class='ocrx_word' id='word_1_210' title='bbox 1235 3657 1373 3745; x_wconf 90' lang='lat' dir='ltr'><strong>enituit,</strong></span> 
     </span>
     <span class='ocr_line' id='line_1_29' title="bbox 247 3769 1377 3862; baseline 0.009 -27"><span class='ocrx_word' id='word_1_211' title='bbox 247 3769 382 3855; x_wconf 73' lang='lat' dir='ltr'><strong>Galum,</strong></span> <span class='ocrx_word' id='word_1_212' title='bbox 410 3769 567 3858; x_wconf 80' lang='lat' dir='ltr'><strong>quamvis</strong></span> <span class='ocrx_word' id='word_1_213' title='bbox 590 3770 706 3838; x_wconf 80' lang='lat' dir='ltr'><strong>Cicero</strong></span> <span class='ocrx_word' id='word_1_214' title='bbox 736 3772 846 3839; x_wconf 90' lang='lat' dir='ltr'><strong>atticis</strong></span> <span class='ocrx_word' id='word_1_215' title='bbox 868 3772 945 3861; x_wconf 88' lang='lat' dir='ltr'><strong>jure</strong></span> <span class='ocrx_word' id='word_1_216' title='bbox 969 3773 1098 3862; x_wconf 92' lang='lat' dir='ltr'><strong>optimo</strong></span> <span class='ocrx_word' id='word_1_217' title='bbox 1128 3774 1311 3843; x_wconf 86' lang='lat' dir='ltr'><strong>siccitatem</strong></span> <span class='ocrx_word' id='word_1_218' title='bbox 1337 3783 1377 3845; x_wconf 85' lang='lat' dir='ltr'><strong>et</strong></span> 
     </span>
     <span class='ocr_line' id='line_1_30' title="bbox 243 3884 1377 3978; baseline 0.008 -27"><span class='ocrx_word' id='word_1_219' title='bbox 243 3884 458 3973; x_wconf 86' lang='lat' dir='ltr'><strong>jejunitatem</strong></span> <span class='ocrx_word' id='word_1_220' title='bbox 474 3889 507 3954; x_wconf 91' lang='lat' dir='ltr'><strong>et</strong></span> <span class='ocrx_word' id='word_1_221' title='bbox 525 3886 677 3974; x_wconf 90' lang='lat' dir='ltr'><strong>inopiam</strong></span> <span class='ocrx_word' id='word_1_222' title='bbox 694 3885 841 3975; x_wconf 88' lang='lat' dir='ltr'><strong>objiciat,</strong></span> <span class='ocrx_word' id='word_1_223' title='bbox 861 3907 932 3956; x_wconf 91' lang='lat' dir='ltr'><strong>non</strong></span> <span class='ocrx_word' id='word_1_224' title='bbox 951 3888 1093 3957; x_wconf 93' lang='lat' dir='ltr'><strong>omnino</strong></span> <span class='ocrx_word' id='word_1_225' title='bbox 1113 3889 1318 3978; x_wconf 87' lang='lat' dir='ltr'><strong>contempsit</strong></span> <span class='ocrx_word' id='word_1_226' title='bbox 1336 3901 1377 3960; x_wconf 90' lang='lat' dir='ltr'><strong>et</strong></span> 
     </span>
    </p>
   </div>
   <div class='ocr_carea' id='block_1_3' title="bbox 246 4069 1376 4208">
    <p class='ocr_par' dir='ltr' id='par_1_14' title="bbox 246 4069 1376 4208">
     <span class='ocr_line' id='line_1_31' title="bbox 278 4069 1375 4140; baseline 0.01 -23"><span class='ocrx_word' id='word_1_227' title='bbox 278 4071 300 4117; x_wconf 94' lang='grc'><strong>1.</strong></span> <span class='ocrx_word' id='word_1_228' title='bbox 317 4069 410 4132; x_wconf 73' lang='lat' dir='ltr'><strong>Epist,</strong></span> <span class='ocrx_word' id='word_1_229' title='bbox 426 4085 453 4134; x_wconf 94' lang='lat' dir='ltr'><strong>p.</strong></span> <span class='ocrx_word' id='word_1_230' title='bbox 470 4071 524 4134; x_wconf 83' lang='grc'><strong>111,</strong></span> <span class='ocrx_word' id='word_1_231' title='bbox 539 4071 582 4121; x_wconf 90' lang='lat' dir='ltr'><strong>ed.</strong></span> <span class='ocrx_word' id='word_1_232' title='bbox 596 4071 692 4121; x_wconf 87' lang='lat' dir='ltr'><strong>Nabcr.</strong></span> <span class='ocrx_word' id='word_1_233' title='bbox 707 4100 738 4109; x_wconf 93' lang='lat'><em>-</em></span> <span class='ocrx_word' id='word_1_234' title='bbox 754 4073 778 4120; x_wconf 98' lang='grc'><strong>2.</strong></span> <span class='ocrx_word' id='word_1_235' title='bbox 796 4073 893 4133; x_wconf 72' lang='lat' dir='ltr'><strong>Qurur„</strong></span> <span class='ocrx_word' id='word_1_236' title='bbox 910 4074 953 4135; x_wconf 91' lang='lat' dir='ltr'><strong>v1,</strong></span> <span class='ocrx_word' id='word_1_237' title='bbox 970 4079 992 4137; x_wconf 89' lang='lat' dir='ltr'><strong>t,</strong></span> <span class='ocrx_word' id='word_1_238' title='bbox 1009 4077 1047 4124; x_wconf 89' lang='grc'><strong>13.</strong></span> <span class='ocrx_word' id='word_1_239' title='bbox 1060 4103 1092 4113; x_wconf 93' lang='grc'>-</span> <span class='ocrx_word' id='word_1_240' title='bbox 1106 4079 1129 4126; x_wconf 82' lang='grc'><strong>3.</strong></span> <span class='ocrx_word' id='word_1_241' title='bbox 1147 4077 1212 4126; x_wconf 82' lang='lat' dir='ltr'><strong>inst.</strong></span> <span class='ocrx_word' id='word_1_242' title='bbox 1227 4075 1312 4138; x_wconf 79' lang='lat' dir='ltr'><strong>Orat,</strong></span> <span class='ocrx_word' id='word_1_243' title='bbox 1326 4077 1375 4140; x_wconf 85' lang='lat' dir='ltr'><strong>lx,</strong></span> 
     </span>
     <span class='ocr_line' id='line_1_32' title="bbox 246 4141 1376 4208; baseline 0.009 -20"><span class='ocrx_word' id='word_1_244' title='bbox 246 4142 268 4197; x_wconf 80' lang='lat'><strong>3,</strong></span> <span class='ocrx_word' id='word_1_245' title='bbox 285 4141 323 4188; x_wconf 82' lang='grc'><strong>56.</strong></span> <span class='ocrx_word' id='word_1_246' title='bbox 340 4167 372 4175; x_wconf 84' lang='lat'>—</span> <span class='ocrx_word' id='word_1_247' title='bbox 386 4144 410 4189; x_wconf 81' lang='lat' dir='ltr'><strong>t.</strong></span> <span class='ocrx_word' id='word_1_248' title='bbox 425 4141 508 4204; x_wconf 82' lang='lat' dir='ltr'><strong>conc,</strong></span> <span class='ocrx_word' id='word_1_249' title='bbox 525 4141 580 4200; x_wconf 88' lang='lat' dir='ltr'><strong>Vll,</strong></span> <span class='ocrx_word' id='word_1_250' title='bbox 601 4144 639 4203; x_wconf 81' lang='lat' dir='ltr'><strong>ra,</strong></span> <span class='ocrx_word' id='word_1_251' title='bbox 654 4143 677 4192; x_wconf 81' lang='lat' dir='ltr'><strong>i.</strong></span> <span class='ocrx_word' id='word_1_252' title='bbox 694 4169 723 4180; x_wconf 91' lang='lat'><em>-</em></span> <span class='ocrx_word' id='word_1_253' title='bbox 739 4146 762 4192; x_wconf 88' lang='lat'><strong>5.</strong></span> <span class='ocrx_word' id='word_1_254' title='bbox 777 4144 855 4205; x_wconf 71' lang='lat' dir='ltr'><strong>Pmm,</strong></span> <span class='ocrx_word' id='word_1_255' title='bbox 869 4145 965 4208; x_wconf 72' lang='lat' dir='ltr'><strong>Epist,</strong></span> <span class='ocrx_word' id='word_1_256' title='bbox 982 4147 1002 4207; x_wconf 92' lang='lat' dir='ltr'><strong>I,</strong></span> <span class='ocrx_word' id='word_1_257' title='bbox 1017 4149 1045 4195; x_wconf 87' lang='grc'><strong>16</strong></span> <span class='ocrx_word' id='word_1_258' title='bbox 1061 4164 1068 4198; x_wconf 79' lang='lat'>2</span> <span class='ocrx_word' id='word_1_259' title='bbox 1087 4169 1097 4190; x_wconf 81' lang='grc' dir='ltr'>ι</span> <span class='ocrx_word' id='word_1_260' title='bbox 1116 4148 1250 4208; x_wconf 88' lang='lat' dir='ltr'><strong>Quantum</strong></span> <span class='ocrx_word' id='word_1_261' title='bbox 1270 4149 1376 4198; x_wconf 81' lang='lat' dir='ltr'><strong>amari-</strong></span> 
     </span>
    </p>
   </div>
   <div class='ocr_carea' id='block_1_4' title="bbox 244 4209 1375 4345">
    <p class='ocr_par' dir='ltr' id='par_1_15' title="bbox 244 4209 1375 4345">
     <span class='ocr_line' id='line_1_33' title="bbox 246 4209 1375 4280; baseline 0.007 -22"><span class='ocrx_word' id='word_1_262' title='bbox 246 4209 350 4260; x_wconf 83' lang='lat' dir='ltr'><strong>tudinis</strong></span> <span class='ocrx_word' id='word_1_263' title='bbox 365 4229 387 4260; x_wconf 88' lang='lat'><strong>».</strong></span> <span class='ocrx_word' id='word_1_264' title='bbox 399 4240 431 4249; x_wconf 89' lang='lat'><em>-</em></span> <span class='ocrx_word' id='word_1_265' title='bbox 445 4215 468 4264; x_wconf 88' lang='lat'><strong>6.</strong></span> <span class='ocrx_word' id='word_1_266' title='bbox 483 4213 549 4263; x_wconf 77' lang='lat' dir='ltr'><strong>inst.</strong></span> <span class='ocrx_word' id='word_1_267' title='bbox 566 4213 651 4276; x_wconf 75' lang='lat' dir='ltr'><strong>Orat,</strong></span> <span class='ocrx_word' id='word_1_268' title='bbox 666 4215 708 4271; x_wconf 82' lang='grc'><strong>111,</strong></span> <span class='ocrx_word' id='word_1_269' title='bbox 727 4215 751 4276; x_wconf 88' lang='grc'><strong>2,</strong></span> <span class='ocrx_word' id='word_1_270' title='bbox 770 4217 809 4264; x_wconf 85' lang='grc'><strong>25.</strong></span> <span class='ocrx_word' id='word_1_271' title='bbox 823 4243 855 4251; x_wconf 94' lang='grc'>-</span> <span class='ocrx_word' id='word_1_272' title='bbox 871 4218 893 4265; x_wconf 80' lang='lat' dir='ltr'><strong>i.</strong></span> <span class='ocrx_word' id='word_1_273' title='bbox 909 4217 964 4266; x_wconf 78' lang='lat' dir='ltr'><strong>tun.</strong></span> <span class='ocrx_word' id='word_1_274' title='bbox 986 4218 1152 4280; x_wconf 75' lang='lat' dir='ltr'><strong>Saccumum,</strong></span> <span class='ocrx_word' id='word_1_275' title='bbox 1168 4219 1240 4269; x_wconf 82' lang='lat' dir='ltr'><strong>Orat.</strong></span> <span class='ocrx_word' id='word_1_276' title='bbox 1260 4219 1375 4272; x_wconf 80' lang='lat' dir='ltr'><strong>Roman.</strong></span> 
     </span>
     <span class='ocr_line' id='line_1_34' title="bbox 244 4281 499 4345; baseline 0.016 -17"><span class='ocrx_word' id='word_1_277' title='bbox 244 4281 319 4344; x_wconf 74' lang='lat' dir='ltr'><strong>frop.</strong></span> <span class='ocrx_word' id='word_1_278' title='bbox 335 4283 430 4345; x_wconf 78' lang='lat' dir='ltr'><strong>Meyer,</strong></span> <span class='ocrx_word' id='word_1_279' title='bbox 444 4285 499 4332; x_wconf 83' lang='grc'><strong>202.</strong></span> 
     </span>
    </p>
   </div>
   <div class='ocr_carea' id='block_1_5' title="bbox 0 0 1578 5042">
    <p class='ocr_par' dir='ltr' id='par_1_16' title="bbox 0 0 1578 5042">
     <span class='ocr_line' id='line_1_35' title="bbox 0 0 1578 5042; baseline 0 0"><span class='ocrx_word' id='word_1_280' title='bbox 0 0 1578 5042; x_wconf 95' lang='lat' dir='ltr'><strong> </strong></span> 
     </span>
    </p>
   </div>
  </div>
 </body>
</html>
