3148 5042
676 512 837 577 ..83-

188 675 355 766 sequitur,
370 674 599 766 principatum
615 678 729 745 tenet:
751 700 768 738 κ
785 675 960 754 Quatenus
973 675 1193 765 antiquorum
1207 675 1316 746 admi·

188 798 320 862 ratores
343 791 437 859 hunc
457 790 554 860 velut
576 790 763 860 terminum
783 791 994 880 antiquitatis
1015 791 1140 876 solent,
1162 792 1317 861 Cassium

189 908 366 991 Severum,
390 906 667 996 quamprimum
690 905 865 976 affirmant
887 907 1024 977 flexisse
1050 907 1091 976 ab
1118 906 1178 975 illa
1201 914 1315 980 vetere

189 1029 293 1113 atque
317 1022 445 1091 directa
467 1021 604 1091 dicendi
629 1023 696 1106 via,
719 1042 790 1092 non
810 1023 1008 1093 infirmitate
1030 1024 1160 1112 ingenii
1181 1043 1245 1094 nec
1263 1024 1317 1092 in-

191 1137 289 1208 scitia
321 1137 510 1206 litterarum
537 1138 753 1207 transtulisse
781 1135 885 1208 seed
917 1135 1012 1206 aliud
1041 1136 1178 1208 dicendi
1207 1159 1317 1229 genus

192 1251 378 1336 contendo,
409 1251 471 1322 sed
495 1251 625 1342 judicio
654 1259 689 1323 et
717 1252 906 1323 intellectu.
934 1280 950 1316 »
975 1289 1021 1308 -
1048 1282 1064 1318 ι(
1090 1253 1317 1344 sequentihus

192 1375 423 1460 comparatus,
444 1369 593 1438 multum
613 1375 745 1439 ceteros
764 1376 913 1460 superat.
933 1397 949 1432 »

239 1486 319 1555 Sine
342 1484 460 1567 dubio,
485 1483 664 1554 fatendum
692 1493 757 1572 est,
781 1486 938 1576 quamvis
963 1487 1000 1554 in
1023 1485 1084 1554 illa
1101 1487 1200 1556 tertia
1222 1492 1320 1556 aetate

192 1601 399 1691 eloquentiae
412 1621 563 1670 romanae
578 1602 768 1692 principem
783 1601 898 1670 locum
914 1601 1076 1686 obtineat,
1093 1602 1211 1672 Catoni
1227 1603 1320 1673 uice·

191 1718 339 1805 ronique
356 1718 506 1786 maxime
521 1716 633 1806 impar
646 1723 710 1804 est,
728 1723 761 1787 et
775 1718 928 1808 ingenio,
943 1723 977 1787 et
991 1718 1204 1809 temporibus
1222 1727 1256 1789 et
1276 1719 1318 1788 ob

192 1833 290 1902 illam
310 1832 608 1917 declamationem,
626 1855 704 1923 quae
726 1835 762 1901 in
788 1833 904 1903 locum
925 1833 1129 1923 eloquentiae
1152 1834 1314 1905 succedit.

192 1950 243 2019 Ne
262 1955 378 2018 tamen
394 1947 639 2021 obliviscamur
653 1949 808 2018 Cassium
823 1950 987 2019 Severum
1003 1971 1074 2019 non
1090 1949 1195 2039 hujus
1209 1949 1320 2020 decla·

194 2066 356 2135 metionis
380 2065 594 2136 scholastica
619 2068 808 2135 amatorem
835 2066 951 2150 fuisse,
975 2067 1030 2135 cni
1053 2065 1226 2136 forensem
1250 2067 1321 2137 elo·

194 2181 372 2270 quantiam
392 2183 514 2262 multa,
532 2181 668 2269 etjure,
685 2181 895 2270 praelerebat.

446 2965 510 3022 Vidi
525 2981 559 3023 ac
572 2965 693 3039 perlegi,

340 3047 461 3106 Lutetiae
475 3045 653 3104 Parisiorum
669 3046 700 3101 in
718 3043 860 3112 Sorbona,

194 3133 227 3187 A.
244 3130 274 3188 d.
290 3130 373 3201 XVII,
389 3128 447 3185 kal.
468 3128 539 3184 mai.
555 3143 624 3183 ann.
640 3124 802 3181 Mocecxc
818 3139 825 3178 :

339 3209 489 3266 Facutalis
505 3208 659 3263 litterarum
672 3207 703 3260 c'a
719 3204 870 3261 Academia

447 3289 599 3345 Paratanst
617 3291 750 3350 Dccaaus,

536 3370 569 3425 A.
590 3369 688 3423 llrunr.

890 3487 977 3561 typis
992 3484 1158 3557 mandetur,

822 3587 977 3643 Academia
990 3585 1157 3642 Pcca'stccsts
1171 3587 1267 3648 rector,

980 3681 1102 3740 Gaiano.
