3094 5062
756 517 917 581 ..12-

272 688 355 752 erat.
373 679 460 751 Vide
483 679 610 769 quibus
634 679 750 750 verbis
776 678 930 748 Annaeus
951 675 1080 745 Seneca
1100 676 1201 744 iilum
1222 675 1396 766 depingat.

274 813 291 862 ‹·‹
317 799 462 887 Magnus
485 802 600 866 orator
623 798 650 878 ¹,
676 796 734 885 qui
761 796 869 863 multa
893 791 1140 882 impedimenta
1164 792 1332 861 eluctatus
1355 793 1399 862 od

271 914 398 982 lamam
422 912 540 1000 ingeni
567 910 811 980 confitentibus
835 909 946 998 magis
971 906 1173 978 homiuibus
1194 916 1400 997 pervenerat

272 1049 375 1119 quam
395 1027 603 1097 volentibus.
623 1028 745 1115 Magna
759 1024 861 1095 debet
876 1046 952 1094 esse
967 1024 1164 1113 eloquentia
1182 1044 1260 1114 quae
1281 1024 1399 1094 invitis

271 1145 402 1234 placeat
427 1149 462 1213 ct
489 1163 568 1241 cum
596 1143 735 1230 ingenia
762 1141 858 1210 favor
886 1141 1066 1209 bominum
1095 1138 1275 1224 ostendat,
1300 1139 1399 1208 favor

271 1260 351 1346 alat,
364 1265 528 1348 quantam
538 1260 610 1328 vim
619 1277 696 1328 esse
706 1262 840 1347 oportet
849 1277 926 1345 quae
936 1257 1024 1324 inter
1035 1255 1206 1324 obstantia
1220 1259 1396 1344 crumpat?

270 1375 378 1442 Nemo
402 1379 473 1442 erat
492 1374 549 1462 qui
570 1395 641 1441 non
662 1394 742 1442 cum
765 1372 899 1440 homini
919 1371 1035 1439 omnia
1059 1369 1232 1458 objiceret,
1257 1369 1397 1457 ingenio

272 1490 418 1559 multum
447 1487 622 1557 tribueret.
651 1489 752 1556 Color
778 1489 929 1576 antiquae
953 1486 1131 1569 orationis,
1155 1485 1252 1573 vigor
1283 1505 1395 1566 novae,

272 1605 385 1673 cultus
409 1604 499 1671 inter
522 1609 678 1672 nostrum
702 1623 743 1670 ac
761 1603 856 1692 prius
878 1602 1042 1670 saeculnm
1066 1599 1213 1682 medius,
1235 1605 1273 1666 ut
1293 1600 1396 1667 illum

272 1727 388 1809 posset
409 1726 551 1808 utruque
570 1739 649 1808 pars
668 1717 733 1787 sibi
753 1717 937 1787 vindicare.
958 1741 974 1780 u
1000 1716 1123 1784 Omnia
1142 1717 1178 1783 in
1198 1715 1296 1782 illum
1317 1715 1398 1784 odia

271 1833 437 1903 ardebant
468 1841 605 1923 propter
637 1834 708 1903 vim
741 1840 775 1902 et
802 1833 1011 1918 libertatem3
1037 1832 1113 1900 sine
1142 1830 1396 1899 existimatione

272 1949 419 2029 vivebat,
450 1969 515 2017 nec
551 1950 638 2017 scire
675 1969 860 2039 possumus
894 1957 1009 2017 utrum
1038 1949 1116 2036 jure
1148 1967 1192 2014 an
1225 1946 1397 2015 immerito

273 2066 413 2133 minimo
432 2064 595 2153 probatus
615 2066 669 2132 sit.
695 2092 711 2126 ι(
732 2064 923 2133 Adfectavit
942 2063 1139 2132 censorium
1157 2062 1393 2152 supercilium,

272 2201 350 2248 cum
364 2181 450 2248 alius
460 2181 576 2248 animo
587 2189 687 2250 esset.
703 2181 843 2248 Summa
852 2187 986 2269 egestus
996 2185 1078 2259 erat,
1092 2177 1394 2258 summainlamia‚

270 2317 447 2365 summum
479 2294 599 2364 odium
627 2298 648 2362 ¹.
688 2295 839 2364 Libertas
866 2302 961 2363 tanta
995 2303 1032 2362 ut
1063 2294 1229 2362 libertatis
1261 2313 1392 2362 nomen

272 2409 451 2478 excederet
478 2415 513 2478 et
539 2412 619 2497 quie
648 2411 774 2499 passim
804 2409 944 2478 ordines
972 2409 1201 2498 hominesque
1230 2407 1393 2493 laniabat,

271 2525 393 2592 Rabies
413 2532 602 2594 vocaretur.
625 2554 641 2588 »
658 2527 850 2615 Principem
870 2527 982 2615 ipsum
998 2532 1032 2594 et
1046 2526 1275 2614 principatum
1290 2524 1397 2594 laces·

271 2639 380 2721 sebut,
400 2638 529 2708 nedum
557 2641 692 2710 timeret
714 2649 749 2710 et
771 2649 957 2710 vereretur.
979 2667 996 2703 u
1026 2642 1169 2708 Animus
1196 2641 1285 2711 inter
1312 2641 1396 2708 vitia

272 2755 395 2843 ingens
414 2761 447 2823 et
466 2754 509 2823 ad
524 2756 786 2826 similitudinem
807 2757 936 2844 ingenii
952 2757 1005 2824 sui
1021 2756 1206 2840 violentus,
1219 2757 1278 2844 qui
1297 2775 1397 2844 pom-

271 2871 413 2959 peianos
436 2872 576 2960 spiritus
595 2871 752 2940 nondum
771 2873 807 2940 in
827 2878 921 2940 tanta
944 2892 1028 2961 pace
1051 2873 1232 2962 posuisset.
1255 2871 1396 2940 Memini

271 2985 455 3073 aliquando
475 3007 554 3054 cum
579 2988 735 3057 recitaret
757 2988 934 3056 historiam
956 3007 1115 3076 magnam
1141 2994 1273 3077 partem
1293 2985 1394 3053 illum

261 3099 346 3168 'libri
366 3101 583 3171 convolvisse
598 3109 632 3170 et
647 3102 774 3172 dixisse
791 3125 800 3171 ε
816 3109 898 3173 Hoec
911 3123 988 3192 quac
1002 3112 1140 3173 transeo
1149 3110 1233 3190 post
1245 3109 1392 3170 mortem

271 3236 384 3286 meam
405 3219 575 3304 tepenter.
602 3219 734 3296 Quanta
756 3220 792 3287 iu
817 3221 885 3287 illis
911 3219 1054 3288 libertas
1074 3219 1139 3288 tuit
1162 3239 1267 3308 quam
1290 3217 1394 3285 ctiam

272 3332 441 3402 Labienus
460 3333 638 3402 extimuit?
660 3363 677 3399 »
700 3337 824 3403 Rerum
844 3336 903 3404 ille
921 3337 1067 3425 scriptor
1092 3354 1218 3424 procax
1237 3340 1272 3403 et
1292 3334 1394 3400 Pom-

271 3449 414 3536 peianus
433 3451 491 3537 qui
519 3449 632 3518 verbis
651 3452 740 3531 suis,
762 3453 873 3540 magis
896 3452 1000 3520 etiam
1024 3451 1160 3521 silentio
1181 3451 1249 3519 ires
1272 3469 1394 3517 accen-

272 3561 386 3644 debat,
399 3584 469 3632 non
485 3565 672 3635 clementer
686 3586 706 3632 a
721 3567 871 3657 principe
886 3566 1024 3636 habitus
1038 3566 1114 3634 luit.
1128 3567 1192 3644 oni
1206 3567 1300 3635 enim
1322 3586 1394 3633 non

272 3679 322 3748 eis
341 3679 508 3748 utendum
523 3683 667 3768 censuit,
689 3704 766 3772 quae
783 3691 883 3752 antea
897 3684 991 3771 leges
1006 3703 1160 3752 romanae
1175 3702 1397 3772 comparave-

271 3801 359 3862 rant.
377 3822 394 3857 «
410 3796 450 3863 In
465 3796 531 3866 hoc
545 3797 694 3887 primum
710 3800 900 3888 excogitata
913 3804 966 3868 est
979 3819 1070 3868 nova
1089 3818 1216 3888 poena:
1235 3799 1396 3868 effectum

272 3918 325 3980 est
339 3912 432 3979 enim
451 3933 513 4001 per
531 3913 690 3982 inimicos
705 3922 742 3983 ut·
756 3936 877 3984 omnes
892 3916 967 4004 ejus
981 3914 1059 3984 libri
1082 3915 1367 3984 comburerentur
1383 3941 1391 3983 :

302 4145 327 4193 l.
341 4145 409 4206 Sum,
425 4147 553 4204 Contrua,
569 4148 615 4198 lib.
627 4149 658 4208 X,
673 4150 760 4212 praec,
776 4152 824 4200 t-e.

272 4284 278 4296 ι
302 4217 326 4264 2.
347 4217 457 4278 Propter
480 4218 531 4268 hoc
553 4219 642 4282 ipsum
665 4221 743 4283 quusi
765 4222 904 4286 publicum
924 4224 1017 4274 odium
1043 4225 1180 4288 Augustus
1204 4227 1302 4291 potuit,
1318 4229 1398 4278 nullo

270 4287 466 4349 intercedente,
477 4289 505 4337 in
518 4289 665 4341 Labienum
680 4295 717 4352 ct,
727 4293 865 4356 aliquanto
879 4299 952 4358 ante,
966 4294 995 4346 in
1008 4297 1128 4347 Cassium
1144 4297 1272 4348 Severum
1286 4298 1395 4352 srcvirc.
