3094 5062
665 538 825 602 ..43-

223 705 340 772 Cicero
359 701 465 785 enim,
486 700 523 768 in
543 699 653 770 trihus
672 699 817 789 dialogis
838 701 880 770 dc
897 705 1043 772 Oratore
1062 708 1163 793 atque
1181 704 1218 774 in
1237 704 1304 776 hoc

178 819 268 890 libro
282 818 341 908 qui
353 822 481 906 Orator
494 815 702 900 inscribitur,
716 821 885 886 oratorem
898 817 1054 885 omnium
1068 819 1192 888 artium
1205 819 1304 890 disci-

179 935 286 1025 plinis
315 932 558 1002 instruendum
589 951 666 1000 esse
697 930 841 1018 fatetur3
868 951 971 1020 quem
1004 952 1051 1002 ne
1081 933 1303 1023 physicorum

182 1049 325 1142 quidem
344 1049 420 1119 vult
443 1068 518 1118 esse
540 1047 751 1137 ignarum«
776 1047 818 1116 Et
835 1047 964 1117 fateor¹
986 1069 1042 1118 me
1071 1056 1252 1137 oratorem,
1274 1052 1303 1121 si

182 1165 288 1235 modo
317 1165 394 1248 sim,
414 1170 473 1232 aut
500 1165 602 1234 etiam
631 1163 837 1253 quicumque
861 1164 952 1248 sim‚‘
966 1184 1038 1233 non
1061 1185 1103 1234 ex
1127 1165 1304 1236 rhetorum

179 1280 339 1368 officinis,
356 1279 417 1350 sed
436 1300 478 1350 ex
493 1278 683 1348 Academiae
702 1280 820 1369 spatiis
839 1279 1022 1350 exstitisse.
1040 1281 1192 1352 Positum
1207 1284 1251 1353 sit
1266 1285 1303 1352 in

184 1398 306 1488 primis
330 1397 404 1466 sine
427 1395 646 1486 philosophia
665 1416 737 1464 non
759 1416 861 1486 posse
882 1395 971 1464 ellici
995 1417 1097 1486 quem
1116 1399 1303 1488 quaerimus

179 1514 413 1603 eloquentem.
433 1539 450 1575 »

227 1629 309 1708 Quae
333 1629 436 1717 igitur
458 1628 602 1698 materia
630 1627 793 1696 orationis
822 1632 886 1714 est,
909 1632 943 1697 et
966 1628 1062 1717 quasi
1083 1629 1169 1699 silva
1188 1651 1303 1700 rerum

180 1751 216 1814 et
235 1745 497 1814 sententiarum.
521 1770 538 1806 «
566 1744 619 1812 Sic
646 1744 749 1834 igitur
767 1745 956 1813 instructus
979 1744 1095 1814 Cicero
1116 1744 1160 1814 ad
1182 1765 1304 1816 causas

179 1859 351 1930 veniebat.
372 1886 388 1922 »

226 1975 292 2046 Sed
306 1975 412 2044 Cassii
427 1975 542 2046 Severi
557 1982 710 2064 tempore
725 1974 800 2044 haec
810 1974 950 2063 antiqua
962 1982 1133 2065 praecepte
1146 1977 1301 2046 rhetores

181 2091 422 2180 neglegebant,
444 2089 615 2180 rebusque
641 2091 777 2159 omissis
808 2097 941 2158 tantum
970 2097 1171 2160 ornamenta
1198 2091 1301 2162 disci-

179 2207 281 2296 pulos
308 2205 488 2290 docebant,
515 2205 580 2295 qui.
598 2206 803 2295 optimarum
830 2205 953 2273 artium
977 2205 1099 2276 studiis
1119 2227 1190 2274 non
1218 2209 1301 2276 satis

181 2321 306 2391 eruditi
335 2327 444 2392 erant.
468 2320 555 2392 Vide
578 2321 669 2390 enim
687 2319 860 2411 quomodo
880 2319 943 2390 has
966 2342 1034 2406 res,
1055 2343 1201 2412 quarum
1224 2343 1301 2392 ora·

181 2443 290 2508 torem
301 2437 419 2506 Cicero
433 2437 509 2506 vult
522 2436 768 2526 peritissimum
784 2456 872 2520 esse,
889 2437 979 2526 Aper
994 2437 1157 2508 derideat.
1176 2439 1303 2518 «Quod

181 2556 209 2624 si
230 2554 327 2644 quis¹
351 2551 514 2623 odoratus
537 2551 792 2642 philosophiam
816 2551 989 2622 videretur
1008 2560 1042 2623 et
1065 2574 1107 2622 ex
1126 2574 1166 2624 ee
1188 2556 1303 2625 locum

177 2671 327 2760 aliquem
347 2669 493 2739 orationi
521 2689 593 2738 suae
620 2657 799 2751 insereret,
825 2669 862 2736 in
885 2669 1009 2738 caelum
1032 2667 1192 2738 laudibus
1214 2670 1302 2739 lere·

174 2785 287 2854 batur.
311 2811 328 2848 »
851 2859 854 2866 ,

224 2901 363 2970 Cassius
385 2901 532 2971 Severus
551 2920 622 2970 non
646 2900 760 2968 solum
784 2905 955 2989 praecepte
973 2898 1111 2968 dicendi
1131 2900 1221 2983 colit,
1242 2902 1303 2972 sed

180 3016 284 3086 etiam
312 3016 518 3105 eloquentiae
545 3015 724 3084 materiem
755 3020 888 3099 tractat,
917 3035 996 3084 oum
1025 3037 1161 3087 summo
1190 3017 1302 3086 studio

177 3133 215 3200 in
230 3132 354 3201 litteris
368 3136 524 3201 versatur
538 3137 571 3200 et
581 3132 768 3200 multarum
778 3151 895 3200 rerum
910 3131 1105 3221 cognitione
1115 3131 1300 3202 imbuitur:

180 3246 367 3337 quibustot
377 3252 411 3316 et
421 3247 525 3315 tantis
540 3246 749 3335 adjumentis
760 3250 928 3315 oratorem
945 3247 994 3315 uti
1004 3267 1105 3337 posse
1120 3247 1299 3338 intellegit.

177 3365 276 3434 Hanc
302 3362 533 3434 eruditionem
556 3382 627 3432 non
654 3365 781 3432 Seneca
805 3371 838 3432 et
867 3362 1095 3443 Quintilianus
1118 3364 1299 3449 mirentur,

177 3500 283 3570 quam
309 3479 443 3548 Tacitus
473 3484 591 3548 contra
624 3478 798 3548 notatione
826 3478 965 3568 dignam
994 3498 1070 3548 esse
1097 3479 1300 3548 existimat:

174 3593 428 3665 Animadvertit
443 3596 536 3664 euim
553 3614 633 3663 eum
645 3621 662 3658 «
678 3615 749 3663 non
764 3594 896 3664 inscitia
910 3595 1119 3664 litterarum³
1130 3622 1146 3658 »
1157 3602 1301 3665 avetere

174 3713 234 3782 via
252 3711 401 3797 flexisse,
425 3717 528 3800 atque
554 3738 571 3774 «
598 3711 762 3780 varietate
783 3709 1008 3780 eruditionis‘
1031 3737 1049 3774 »
1077 3710 1301 3798 sequentibus
1348 3725 1351 3732 ·

181 3826 376 3896 oratoribus
393 3825 667 3916 praestantiorem
686 3845 773 3895 esse.

231 3944 271 4012 llt
285 3963 406 4012 omnes
425 3941 619 4012 eruditione
638 3942 833 4031 praestabat,
849 3941 896 4011 ita
911 3941 1038 4029 ingenii
1053 3940 1211 4010 acumine
1226 3941 1300 4010 vin-

179 4057 291 4142 cebat,
307 4057 400 4148 quod
425 4058 529 4148 hujus
552 4059 763 4148 praecipuum
787 4063 870 4128 erat.
891 4058 961 4126 Hac
985 4076 1181 4147 aequoque
1205 4057 1299 4126 Cice-

204 4332 231 4382 l.
247 4330 330 4389 Orat„
347 4330 369 4388 3,
386 4330 410 4378 t.
424 4327 640 4393 -2.Diat.,19.
657 4357 689 4367 -
705 4329 728 4380 3.
738 4328 821 4391 Diat,
833 4330 872 4380 le.
887 4355 919 4366 —
932 4329 956 4378 l.
971 4327 1048 4390 ibid„
1062 4332 1102 4380 26.
