<?xml version="1.0" encoding="UTF-8"?>
<!DOCTYPE html PUBLIC "-//W3C//DTD XHTML 1.0 Transitional//EN"
    "http://www.w3.org/TR/xhtml1/DTD/xhtml1-transitional.dtd">
<html xmlns="http://www.w3.org/1999/xhtml" xml:lang="en" lang="en">
 <head>
  <title>
</title>
<meta http-equiv="Content-Type" content="text/html;charset=utf-8" />
  <meta name='ocr-system' content='tesseract 3.04.00' />
  <meta name='ocr-capabilities' content='ocr_page ocr_carea ocr_par ocr_line ocrx_word'/>
</head>
<body>
  <div class='ocr_page' id='page_1' title='image "./decassiiseverie00robegoog_0105.png"; bbox 0 0 3148 5042; ppageno 0'>
   <div class='ocr_carea' id='block_1_1' title="bbox 6 4127 29 4272">
    <p class='ocr_par' dir='ltr' id='par_1_1' title="bbox 6 4127 29 4272">
     <span class='ocr_line' id='line_1_1' title="bbox 6 4127 29 4272; baseline 0 0"><span class='ocrx_word' id='word_1_1' title='bbox 6 4127 29 4272; x_wconf 81' lang='lat' dir='ltr'><strong>i</strong></span> 
     </span>
    </p>
   </div>
   <div class='ocr_carea' id='block_1_2' title="bbox 618 1126 1105 1204">
    <p class='ocr_par' dir='ltr' id='par_1_2' title="bbox 618 1126 1105 1204">
     <span class='ocr_line' id='line_1_2' title="bbox 618 1126 1105 1204; baseline -0.002 -2"><span class='ocrx_word' id='word_1_2' title='bbox 618 1126 857 1202; x_wconf 81' lang='lat' dir='ltr'><strong>APPstx</strong></span> <span class='ocrx_word' id='word_1_3' title='bbox 886 1127 1105 1204; x_wconf 83' lang='lat' dir='ltr'>SECUNDA</span> 
     </span>
    </p>
   </div>
   <div class='ocr_carea' id='block_1_3' title="bbox 766 1331 957 1388">
    <p class='ocr_par' dir='ltr' id='par_1_3' title="bbox 766 1331 957 1388">
     <span class='ocr_line' id='line_1_3' title="bbox 766 1331 957 1388; baseline -0.01 -12"><span class='ocrx_word' id='word_1_4' title='bbox 766 1332 835 1387; x_wconf 74' lang='lat' dir='ltr'><strong>(Vnda</strong></span> <span class='ocrx_word' id='word_1_5' title='bbox 846 1343 899 1387; x_wconf 71' lang='lat' dir='ltr'><strong>pag.</strong></span> <span class='ocrx_word' id='word_1_6' title='bbox 910 1331 957 1388; x_wconf 86' lang='lat'><strong>81.)</strong></span> 
     </span>
    </p>
   </div>
   <div class='ocr_carea' id='block_1_4' title="bbox 301 1551 1426 1991">
    <p class='ocr_par' dir='ltr' id='par_1_4' title="bbox 301 1551 1426 1878">
     <span class='ocr_line' id='line_1_4' title="bbox 345 1551 1426 1645; baseline 0.003 -24"><span class='ocrx_word' id='word_1_7' title='bbox 345 1551 441 1622; x_wconf 84' lang='lat' dir='ltr'>Adde</span> <span class='ocrx_word' id='word_1_8' title='bbox 458 1552 525 1636; x_wconf 91' lang='lat' dir='ltr'><strong>his,</strong></span> <span class='ocrx_word' id='word_1_9' title='bbox 544 1573 622 1642; x_wconf 77' lang='lat' dir='ltr'><strong>quae</strong></span> <span class='ocrx_word' id='word_1_10' title='bbox 642 1553 770 1622; x_wconf 79' lang='lat' dir='ltr'>Seneca</span> <span class='ocrx_word' id='word_1_11' title='bbox 788 1558 823 1621; x_wconf 89' lang='lat' dir='ltr'><strong>et</strong></span> <span class='ocrx_word' id='word_1_12' title='bbox 840 1553 1070 1630; x_wconf 75' lang='lat' dir='ltr'><strong>Quintilianus</strong></span> <span class='ocrx_word' id='word_1_13' title='bbox 1088 1553 1278 1645; x_wconf 77' lang='lat' dir='ltr'><strong>proferunt,</strong></span> <span class='ocrx_word' id='word_1_14' title='bbox 1294 1555 1426 1645; x_wconf 83' lang='lat' dir='ltr'><strong>aliquot</strong></span> 
     </span>
     <span class='ocr_line' id='line_1_5' title="bbox 301 1667 1425 1764; baseline 0.002 -26"><span class='ocrx_word' id='word_1_15' title='bbox 301 1667 406 1739; x_wconf 85' lang='lat' dir='ltr'><strong>verha</strong></span> <span class='ocrx_word' id='word_1_16' title='bbox 434 1689 512 1757; x_wconf 88' lang='lat' dir='ltr'><strong>quae</strong></span> <span class='ocrx_word' id='word_1_17' title='bbox 539 1668 750 1757; x_wconf 83' lang='lat' dir='ltr'><strong>grammatici</strong></span> <span class='ocrx_word' id='word_1_18' title='bbox 787 1668 882 1736; x_wconf 88' lang='lat' dir='ltr'><strong>latini</strong></span> <span class='ocrx_word' id='word_1_19' title='bbox 914 1669 1143 1741; x_wconf 87' lang='lat' dir='ltr'><strong>retinuerunt.</strong></span> <span class='ocrx_word' id='word_1_20' title='bbox 1175 1670 1425 1764; x_wconf 80' lang='lat' dir='ltr'><strong>(Grammatieae</strong></span> 
     </span>
     <span class='ocr_line' id='line_1_6' title="bbox 302 1784 1426 1878; baseline 0.004 -26"><span class='ocrx_word' id='word_1_21' title='bbox 302 1785 415 1854; x_wconf 86' lang='lat' dir='ltr'><strong>lalinae</strong></span> <span class='ocrx_word' id='word_1_22' title='bbox 446 1790 603 1854; x_wconf 72' lang='lat' dir='ltr'><strong>auctores</strong></span> <span class='ocrx_word' id='word_1_23' title='bbox 635 1785 777 1874; x_wconf 80' lang='lat' dir='ltr'><strong>antiqui.</strong></span> <span class='ocrx_word' id='word_1_24' title='bbox 813 1784 901 1854; x_wconf 85' lang='lat' dir='ltr'><strong>Edit.</strong></span> <span class='ocrx_word' id='word_1_25' title='bbox 931 1785 1048 1854; x_wconf 75' lang='lat' dir='ltr'><strong>Helias</strong></span> <span class='ocrx_word' id='word_1_26' title='bbox 1080 1785 1273 1870; x_wconf 73' lang='lat' dir='ltr'><strong>ausanius,</strong></span> <span class='ocrx_word' id='word_1_27' title='bbox 1310 1786 1426 1878; x_wconf 80' lang='lat'>1605.)</span> 
     </span>
    </p>

    <p class='ocr_par' dir='ltr' id='par_1_5' title="bbox 348 1900 1289 1991">
     <span class='ocr_line' id='line_1_7' title="bbox 348 1900 1289 1991; baseline -0.001 -19"><span class='ocrx_word' id='word_1_28' title='bbox 348 1902 546 1985; x_wconf 76' lang='lat' dir='ltr'><strong>Charisius,</strong></span> <span class='ocrx_word' id='word_1_29' title='bbox 563 1920 640 1990; x_wconf 83' lang='lat' dir='ltr'><strong>pag.</strong></span> <span class='ocrx_word' id='word_1_30' title='bbox 657 1900 714 1969; x_wconf 89' lang='lat'><strong>80.</strong></span> <span class='ocrx_word' id='word_1_31' title='bbox 732 1937 777 1950; x_wconf 95' lang='lat'>—</span> <span class='ocrx_word' id='word_1_32' title='bbox 791 1901 945 1991; x_wconf 79' lang='lat' dir='ltr'><strong>Gausapa</strong></span> <span class='ocrx_word' id='word_1_33' title='bbox 959 1901 1160 1972; x_wconf 81' lang='lat' dir='ltr'><strong>neutraliter</strong></span> <span class='ocrx_word' id='word_1_34' title='bbox 1174 1901 1259 1971; x_wconf 83' lang='lat' dir='ltr'><strong>dixit</strong></span> <span class='ocrx_word' id='word_1_35' title='bbox 1281 1925 1289 1971; x_wconf 95' lang='lat'><strong>:</strong></span> 
     </span>
    </p>
   </div>
   <div class='ocr_carea' id='block_1_5' title="bbox 447 2087 1171 2162">
    <p class='ocr_par' dir='ltr' id='par_1_6' title="bbox 447 2087 1171 2162">
     <span class='ocr_line' id='line_1_8' title="bbox 447 2087 1171 2162; baseline 0.006 -20"><span class='ocrx_word' id='word_1_36' title='bbox 447 2087 581 2160; x_wconf 86' lang='lat' dir='ltr'><strong>Gausapa</strong></span> <span class='ocrx_word' id='word_1_37' title='bbox 596 2087 620 2143; x_wconf 89' lang='lat' dir='ltr'><strong>si</strong></span> <span class='ocrx_word' id='word_1_38' title='bbox 636 2088 773 2159; x_wconf 86' lang='lat' dir='ltr'><strong>sumpsit,</strong></span> <span class='ocrx_word' id='word_1_39' title='bbox 789 2103 919 2161; x_wconf 84' lang='lat' dir='ltr'><strong>gausapa</strong></span> <span class='ocrx_word' id='word_1_40' title='bbox 935 2093 1053 2162; x_wconf 87' lang='lat' dir='ltr'><strong>sumpta</strong></span> <span class='ocrx_word' id='word_1_41' title='bbox 1068 2089 1171 2162; x_wconf 80' lang='lat' dir='ltr'><strong>proba.</strong></span> 
     </span>
    </p>
   </div>
   <div class='ocr_carea' id='block_1_6' title="bbox 303 2267 1431 4214">
    <p class='ocr_par' dir='ltr' id='par_1_7' title="bbox 303 2267 1428 2455">
     <span class='ocr_line' id='line_1_9' title="bbox 304 2267 1428 2360; baseline 0.001 -23"><span class='ocrx_word' id='word_1_42' title='bbox 304 2270 345 2337; x_wconf 82' lang='lat' dir='ltr'><strong>Et</strong></span> <span class='ocrx_word' id='word_1_43' title='bbox 372 2270 509 2339; x_wconf 86' lang='lat' dir='ltr'><strong>Cassius</strong></span> <span class='ocrx_word' id='word_1_44' title='bbox 537 2269 682 2338; x_wconf 73' lang='lat' dir='ltr'><strong>Severum</strong></span> <span class='ocrx_word' id='word_1_45' title='bbox 708 2267 753 2336; x_wconf 90' lang='lat' dir='ltr'><strong>ad</strong></span> <span class='ocrx_word' id='word_1_46' title='bbox 779 2269 997 2338; x_wconf 80' lang='lat' dir='ltr'><strong>llaeaenatem</strong></span> <span class='ocrx_word' id='word_1_47' title='bbox 1027 2293 1035 2335; x_wconf 77' lang='grc' dir='ltr'><strong>ε</strong></span> <span class='ocrx_word' id='word_1_48' title='bbox 1068 2269 1224 2360; x_wconf 84' lang='lat' dir='ltr'><strong>Gausapa</strong></span> <span class='ocrx_word' id='word_1_49' title='bbox 1252 2289 1428 2360; x_wconf 81' lang='lat' dir='ltr'><strong>purpureo</strong></span> 
     </span>
     <span class='ocr_line' id='line_1_10' title="bbox 303 2387 484 2455; baseline -0.006 0"><span class='ocrx_word' id='word_1_50' title='bbox 303 2387 484 2455; x_wconf 84' lang='lat' dir='ltr'><strong>salutatus.</strong></span> 
     </span>
    </p>

    <p class='ocr_par' dir='ltr' id='par_1_8' title="bbox 304 2499 1429 3055">
     <span class='ocr_line' id='line_1_11' title="bbox 347 2499 1428 2600; baseline -0.002 -28"><span class='ocrx_word' id='word_1_51' title='bbox 347 2501 542 2587; x_wconf 80' lang='lat' dir='ltr'><strong>Diomedes,</strong></span> <span class='ocrx_word' id='word_1_52' title='bbox 556 2523 591 2592; x_wconf 90' lang='lat' dir='ltr'><strong>p.</strong></span> <span class='ocrx_word' id='word_1_53' title='bbox 608 2499 685 2570; x_wconf 85' lang='grc'><strong>368.</strong></span> <span class='ocrx_word' id='word_1_54' title='bbox 701 2540 747 2550; x_wconf 98' lang='grc'>-</span> <span class='ocrx_word' id='word_1_55' title='bbox 765 2500 890 2580; x_wconf 85' lang='lat' dir='ltr'><strong>Quinta</strong></span> <span class='ocrx_word' id='word_1_56' title='bbox 904 2499 1015 2570; x_wconf 85' lang='lat' dir='ltr'><strong>forma</strong></span> <span class='ocrx_word' id='word_1_57' title='bbox 1033 2507 1086 2569; x_wconf 88' lang='lat' dir='ltr'><strong>est</strong></span> <span class='ocrx_word' id='word_1_58' title='bbox 1103 2520 1181 2600; x_wconf 76' lang='lat' dir='ltr'><strong>quaa</strong></span> <span class='ocrx_word' id='word_1_59' title='bbox 1195 2500 1322 2571; x_wconf 90' lang='lat' dir='ltr'><strong>desinit</strong></span> <span class='ocrx_word' id='word_1_60' title='bbox 1336 2501 1372 2570; x_wconf 95' lang='lat' dir='ltr'><strong>in</strong></span> <span class='ocrx_word' id='word_1_61' title='bbox 1392 2502 1428 2570; x_wconf 80' lang='lat' dir='ltr'><strong>xi</strong></span> 
     </span>
     <span class='ocr_line' id='line_1_12' title="bbox 304 2614 1428 2706; baseline 0.001 -20"><span class='ocrx_word' id='word_1_62' title='bbox 304 2617 484 2706; x_wconf 83' lang='lat' dir='ltr'><strong>syllabam,</strong></span> <span class='ocrx_word' id='word_1_63' title='bbox 514 2623 553 2687; x_wconf 85' lang='lat' dir='ltr'><strong>ut</strong></span> <span class='ocrx_word' id='word_1_64' title='bbox 580 2617 696 2686; x_wconf 84' lang='lat' dir='ltr'><strong>sensio</strong></span> <span class='ocrx_word' id='word_1_65' title='bbox 728 2615 839 2686; x_wconf 88' lang='lat' dir='ltr'><strong>sanxi.</strong></span> <span class='ocrx_word' id='word_1_66' title='bbox 865 2614 931 2686; x_wconf 87' lang='lat' dir='ltr'><strong>Sed</strong></span> <span class='ocrx_word' id='word_1_67' title='bbox 958 2616 1094 2686; x_wconf 86' lang='lat' dir='ltr'><strong>novitas</strong></span> <span class='ocrx_word' id='word_1_68' title='bbox 1120 2615 1297 2689; x_wconf 83' lang='lat' dir='ltr'><strong>brevitatis</strong></span> <span class='ocrx_word' id='word_1_69' title='bbox 1324 2637 1428 2687; x_wconf 87' lang='lat' dir='ltr'><strong>eausa</strong></span> 
     </span>
     <span class='ocr_line' id='line_1_13' title="bbox 304 2731 1429 2824; baseline 0.001 -22"><span class='ocrx_word' id='word_1_70' title='bbox 304 2738 427 2803; x_wconf 83' lang='lat' dir='ltr'><strong>cuncta</strong></span> <span class='ocrx_word' id='word_1_71' title='bbox 441 2734 649 2824; x_wconf 83' lang='lat' dir='ltr'><strong>permiscuit,</strong></span> <span class='ocrx_word' id='word_1_72' title='bbox 667 2733 794 2823; x_wconf 87' lang='lat' dir='ltr'><strong>quippe</strong></span> <span class='ocrx_word' id='word_1_73' title='bbox 809 2731 925 2802; x_wconf 86' lang='lat' dir='ltr'><strong>sanein</strong></span> <span class='ocrx_word' id='word_1_74' title='bbox 944 2733 1049 2802; x_wconf 82' lang='lat' dir='ltr'><strong>sancii</strong></span> <span class='ocrx_word' id='word_1_75' title='bbox 1067 2731 1214 2807; x_wconf 81' lang='lat' dir='ltr'><strong>iaciebat</strong></span> <span class='ocrx_word' id='word_1_76' title='bbox 1227 2737 1265 2802; x_wconf 91' lang='lat' dir='ltr'><strong>ut</strong></span> <span class='ocrx_word' id='word_1_77' title='bbox 1278 2734 1429 2823; x_wconf 89' lang='lat' dir='ltr'><strong>Pompo·</strong></span> 
     </span>
     <span class='ocr_line' id='line_1_14' title="bbox 304 2847 1425 2938; baseline 0.002 -22"><span class='ocrx_word' id='word_1_78' title='bbox 304 2848 383 2918; x_wconf 92' lang='lat' dir='ltr'><strong>nius</strong></span> <span class='ocrx_word' id='word_1_79' title='bbox 397 2847 441 2916; x_wconf 89' lang='lat' dir='ltr'><strong>ad</strong></span> <span class='ocrx_word' id='word_1_80' title='bbox 453 2848 637 2918; x_wconf 68' lang='lat' dir='ltr'><strong>&#39;lhrmeam</strong></span> <span class='ocrx_word' id='word_1_81' title='bbox 650 2875 658 2918; x_wconf 92' lang='lat'>:</span> <span class='ocrx_word' id='word_1_82' title='bbox 669 2849 853 2933; x_wconf 80' lang='lat' dir='ltr'><strong>sancierat3</strong></span> <span class='ocrx_word' id='word_1_83' title='bbox 865 2855 899 2917; x_wconf 88' lang='lat' dir='ltr'><strong>et</strong></span> <span class='ocrx_word' id='word_1_84' title='bbox 908 2848 944 2916; x_wconf 94' lang='lat' dir='ltr'><strong>in</strong></span> <span class='ocrx_word' id='word_1_85' title='bbox 958 2848 1096 2938; x_wconf 87' lang='lat' dir='ltr'><strong>passivo</strong></span> <span class='ocrx_word' id='word_1_86' title='bbox 1109 2848 1245 2918; x_wconf 83' lang='lat' dir='ltr'><strong>Cassius</strong></span> <span class='ocrx_word' id='word_1_87' title='bbox 1255 2849 1402 2919; x_wconf 86' lang='lat' dir='ltr'><strong>Severus</strong></span> <span class='ocrx_word' id='word_1_88' title='bbox 1416 2874 1425 2918; x_wconf 72' lang='grc' dir='ltr'><strong><em>ε</em></strong></span> 
     </span>
     <span class='ocr_line' id='line_1_15' title="bbox 305 2964 810 3055; baseline 0 -23"><span class='ocrx_word' id='word_1_89' title='bbox 305 2964 394 3055; x_wconf 82' lang='lat' dir='ltr'>Lege</span> <span class='ocrx_word' id='word_1_90' title='bbox 412 2965 581 3033; x_wconf 81' lang='lat' dir='ltr'><strong>sancitum</strong></span> <span class='ocrx_word' id='word_1_91' title='bbox 600 2970 666 3050; x_wconf 85' lang='lat' dir='ltr'><strong>est,</strong></span> <span class='ocrx_word' id='word_1_92' title='bbox 687 2964 810 3054; x_wconf 88' lang='lat' dir='ltr'><strong>inquit.</strong></span> 
     </span>
    </p>

    <p class='ocr_par' dir='ltr' id='par_1_9' title="bbox 307 3077 1424 3284">
     <span class='ocr_line' id='line_1_16' title="bbox 351 3077 1424 3176; baseline -0.001 -29"><span class='ocrx_word' id='word_1_93' title='bbox 351 3080 386 3148; x_wconf 91' lang='lat' dir='ltr'><strong>P.</strong></span> <span class='ocrx_word' id='word_1_94' title='bbox 408 3079 485 3149; x_wconf 80' lang='lat'><strong>371.</strong></span> <span class='ocrx_word' id='word_1_95' title='bbox 506 3117 552 3131; x_wconf 93' lang='lat'>-</span> <span class='ocrx_word' id='word_1_96' title='bbox 574 3079 699 3149; x_wconf 81' lang='lat' dir='ltr'><strong>salitus</strong></span> <span class='ocrx_word' id='word_1_97' title='bbox 724 3100 803 3148; x_wconf 91' lang='lat' dir='ltr'><strong>sum</strong></span> <span class='ocrx_word' id='word_1_98' title='bbox 821 3077 984 3148; x_wconf 85' lang='lat' dir='ltr'><strong>dixerunt</strong></span> <span class='ocrx_word' id='word_1_99' title='bbox 1001 3100 1021 3151; x_wconf 91' lang='lat' dir='ltr'><strong>a</strong></span> <span class='ocrx_word' id='word_1_100' title='bbox 1038 3079 1209 3176; x_wconf 88' lang='lat' dir='ltr'><strong>positione</strong></span> <span class='ocrx_word' id='word_1_101' title='bbox 1231 3080 1329 3163; x_wconf 89' lang='lat' dir='ltr'><strong>sallo,</strong></span> <span class='ocrx_word' id='word_1_102' title='bbox 1351 3099 1424 3148; x_wconf 91' lang='lat' dir='ltr'><strong>non</strong></span> 
     </span>
     <span class='ocr_line' id='line_1_17' title="bbox 307 3194 1070 3284; baseline -0.004 -19"><span class='ocrx_word' id='word_1_103' title='bbox 307 3195 404 3265; x_wconf 89' lang='lat' dir='ltr'><strong>salio.</strong></span> <span class='ocrx_word' id='word_1_104' title='bbox 426 3195 596 3265; x_wconf 88' lang='lat' dir='ltr'><strong>Severus:</strong></span> <span class='ocrx_word' id='word_1_105' title='bbox 618 3194 803 3264; x_wconf 86' lang='lat' dir='ltr'><strong>Distraotos</strong></span> <span class='ocrx_word' id='word_1_106' title='bbox 821 3201 924 3284; x_wconf 82' lang='lat' dir='ltr'><strong>alque</strong></span> <span class='ocrx_word' id='word_1_107' title='bbox 941 3195 1070 3270; x_wconf 78' lang='lat' dir='ltr'><strong>salitas.</strong></span> 
     </span>
    </p>

    <p class='ocr_par' dir='ltr' id='par_1_10' title="bbox 306 3309 1431 3750">
     <span class='ocr_line' id='line_1_18' title="bbox 350 3309 1430 3401; baseline 0 -21"><span class='ocrx_word' id='word_1_108' title='bbox 350 3313 571 3397; x_wconf 82' lang='lat' dir='ltr'><strong>Priscianus,</strong></span> <span class='ocrx_word' id='word_1_109' title='bbox 595 3311 656 3383; x_wconf 89' lang='lat' dir='ltr'><strong>lib.</strong></span> <span class='ocrx_word' id='word_1_110' title='bbox 686 3311 776 3397; x_wconf 88' lang='lat' dir='ltr'><strong>Vlll,</strong></span> <span class='ocrx_word' id='word_1_111' title='bbox 803 3332 838 3401; x_wconf 90' lang='lat' dir='ltr'><strong>p.</strong></span> <span class='ocrx_word' id='word_1_112' title='bbox 863 3309 938 3380; x_wconf 80' lang='lat'><strong>791.</strong></span> <span class='ocrx_word' id='word_1_113' title='bbox 962 3349 1007 3362; x_wconf 95' lang='lat'><em>-</em></span> <span class='ocrx_word' id='word_1_114' title='bbox 1030 3311 1166 3380; x_wconf 90' lang='lat' dir='ltr'><strong>Cassius</strong></span> <span class='ocrx_word' id='word_1_115' title='bbox 1189 3333 1197 3380; x_wconf 92' lang='lat'><strong>:</strong></span> <span class='ocrx_word' id='word_1_116' title='bbox 1223 3310 1430 3400; x_wconf 87' lang='lat' dir='ltr'><strong>Adulalique</strong></span> 
     </span>
     <span class='ocr_line' id='line_1_19' title="bbox 307 3425 1431 3513; baseline -0.002 -17"><span class='ocrx_word' id='word_1_117' title='bbox 307 3433 405 3496; x_wconf 84' lang='lat' dir='ltr'><strong>erant</strong></span> <span class='ocrx_word' id='word_1_118' title='bbox 422 3427 465 3496; x_wconf 91' lang='lat' dir='ltr'><strong>ab</strong></span> <span class='ocrx_word' id='word_1_119' title='bbox 483 3427 603 3497; x_wconf 89' lang='lat' dir='ltr'><strong>amicis</strong></span> <span class='ocrx_word' id='word_1_120' title='bbox 621 3433 656 3497; x_wconf 85' lang='lat' dir='ltr'><strong>et</strong></span> <span class='ocrx_word' id='word_1_121' title='bbox 672 3426 842 3497; x_wconf 87' lang='lat' dir='ltr'><strong>adhortati</strong></span> <span class='ocrx_word' id='word_1_122' title='bbox 859 3449 868 3497; x_wconf 74' lang='grc' dir='ltr'><strong>ε</strong></span> <span class='ocrx_word' id='word_1_123' title='bbox 884 3426 1025 3513; x_wconf 90' lang='lat' dir='ltr'><strong>adulati,</strong></span> <span class='ocrx_word' id='word_1_124' title='bbox 1041 3425 1287 3509; x_wconf 72' lang='grc' dir='ltr'>κολακευθέντες,</span> <span class='ocrx_word' id='word_1_125' title='bbox 1302 3426 1431 3496; x_wconf 86' lang='lat' dir='ltr'><strong>adhor-</strong></span> 
     </span>
     <span class='ocr_line' id='line_1_20' title="bbox 307 3541 1430 3635; baseline -0.001 -23"><span class='ocrx_word' id='word_1_126' title='bbox 307 3543 377 3626; x_wconf 85' lang='lat' dir='ltr'><strong>tati,</strong></span> <span class='ocrx_word' id='word_1_127' title='bbox 400 3545 635 3635; x_wconf 76' lang='grc' dir='ltr'>προτραπέντες.</span> <span class='ocrx_word' id='word_1_128' title='bbox 657 3543 756 3613; x_wconf 82' lang='lat' dir='ltr'><strong>Liber</strong></span> <span class='ocrx_word' id='word_1_129' title='bbox 777 3544 850 3627; x_wconf 86' lang='lat' dir='ltr'><strong>VII,</strong></span> <span class='ocrx_word' id='word_1_130' title='bbox 872 3567 906 3634; x_wconf 85' lang='lat' dir='ltr'><strong>p.</strong></span> <span class='ocrx_word' id='word_1_131' title='bbox 927 3545 1004 3614; x_wconf 83' lang='lat'><strong>759.</strong></span> <span class='ocrx_word' id='word_1_132' title='bbox 1024 3582 1070 3595; x_wconf 92' lang='lat'><em>-</em></span> <span class='ocrx_word' id='word_1_133' title='bbox 1088 3544 1224 3613; x_wconf 80' lang='lat' dir='ltr'><strong>Cassius</strong></span> <span class='ocrx_word' id='word_1_134' title='bbox 1243 3541 1287 3611; x_wconf 86' lang='lat' dir='ltr'><strong>ad</strong></span> <span class='ocrx_word' id='word_1_135' title='bbox 1305 3542 1430 3611; x_wconf 78' lang='lat' dir='ltr'>Maeoe·</span> 
     </span>
     <span class='ocr_line' id='line_1_21' title="bbox 306 3661 1006 3750; baseline 0.003 -23"><span class='ocrx_word' id='word_1_136' title='bbox 306 3665 422 3730; x_wconf 85' lang='lat' dir='ltr'><strong>natem</strong></span> <span class='ocrx_word' id='word_1_137' title='bbox 439 3685 446 3730; x_wconf 94' lang='lat'>:</span> <span class='ocrx_word' id='word_1_138' title='bbox 465 3661 621 3748; x_wconf 86' lang='lat' dir='ltr'><strong>Gausapa</strong></span> <span class='ocrx_word' id='word_1_139' title='bbox 636 3679 807 3750; x_wconf 79' lang='lat' dir='ltr'><strong>purpureo</strong></span> <span class='ocrx_word' id='word_1_140' title='bbox 827 3661 1006 3734; x_wconf 86' lang='lat' dir='ltr'><strong>salutatus.</strong></span> 
     </span>
    </p>

    <p class='ocr_par' dir='ltr' id='par_1_11' title="bbox 307 3772 1429 4214">
     <span class='ocr_line' id='line_1_22' title="bbox 349 3772 1427 3865; baseline -0.003 -20"><span class='ocrx_word' id='word_1_141' title='bbox 349 3776 567 3858; x_wconf 81' lang='lat' dir='ltr'><strong>Priscianus,</strong></span> <span class='ocrx_word' id='word_1_142' title='bbox 580 3773 640 3842; x_wconf 90' lang='lat' dir='ltr'><strong>lib.</strong></span> <span class='ocrx_word' id='word_1_143' title='bbox 654 3775 712 3860; x_wconf 84' lang='lat' dir='ltr'><strong>IX,</strong></span> <span class='ocrx_word' id='word_1_144' title='bbox 724 3772 801 3856; x_wconf 72' lang='lat'><strong>872,</strong></span> <span class='ocrx_word' id='word_1_145' title='bbox 814 3781 848 3844; x_wconf 89' lang='lat' dir='ltr'><strong>et</strong></span> <span class='ocrx_word' id='word_1_146' title='bbox 861 3776 1057 3861; x_wconf 81' lang='lat' dir='ltr'><strong>Diomedes,</strong></span> <span class='ocrx_word' id='word_1_147' title='bbox 1068 3795 1145 3865; x_wconf 83' lang='lat' dir='ltr'><strong>pag.</strong></span> <span class='ocrx_word' id='word_1_148' title='bbox 1158 3774 1235 3844; x_wconf 82' lang='lat'><strong>370.</strong></span> <span class='ocrx_word' id='word_1_149' title='bbox 1253 3813 1296 3828; x_wconf 88' lang='lat'>-</span> <span class='ocrx_word' id='word_1_150' title='bbox 1311 3772 1376 3844; x_wconf 83' lang='lat' dir='ltr'><strong>sed</strong></span> <span class='ocrx_word' id='word_1_151' title='bbox 1391 3780 1427 3843; x_wconf 90' lang='lat' dir='ltr'><strong>et</strong></span> 
     </span>
     <span class='ocr_line' id='line_1_23' title="bbox 307 3894 1426 3985; baseline 0 -23"><span class='ocrx_word' id='word_1_152' title='bbox 307 3895 342 3962; x_wconf 93' lang='lat' dir='ltr'><strong>in</strong></span> <span class='ocrx_word' id='word_1_153' title='bbox 355 3895 518 3964; x_wconf 81' lang='lat' dir='ltr'><strong>sacrificio</strong></span> <span class='ocrx_word' id='word_1_154' title='bbox 534 3895 670 3964; x_wconf 87' lang='lat' dir='ltr'><strong>Cassius</strong></span> <span class='ocrx_word' id='word_1_155' title='bbox 686 3894 731 3962; x_wconf 89' lang='lat' dir='ltr'><strong>ad</strong></span> <span class='ocrx_word' id='word_1_156' title='bbox 749 3896 920 3968; x_wconf 81' lang='lat' dir='ltr'><strong>Tiberium</strong></span> <span class='ocrx_word' id='word_1_157' title='bbox 934 3894 1100 3981; x_wconf 84' lang='lat' dir='ltr'><strong>seeundo,</strong></span> <span class='ocrx_word' id='word_1_158' title='bbox 1116 3897 1279 3977; x_wconf 83' lang='lat' dir='ltr'><strong>adolevit,</strong></span> <span class='ocrx_word' id='word_1_159' title='bbox 1300 3894 1426 3985; x_wconf 86' lang='lat' dir='ltr'><strong>inquit.</strong></span> 
     </span>
     <span class='ocr_line' id='line_1_24' title="bbox 310 4009 1429 4101; baseline 0.004 -27"><span class='ocrx_word' id='word_1_160' title='bbox 310 4037 327 4074; x_wconf 78' lang='lat' dir='ltr'><strong>a</strong></span> <span class='ocrx_word' id='word_1_161' title='bbox 348 4010 402 4079; x_wconf 83' lang='lat' dir='ltr'><strong>Sia</strong></span> <span class='ocrx_word' id='word_1_162' title='bbox 418 4016 471 4080; x_wconf 83' lang='lat' dir='ltr'><strong>est</strong></span> <span class='ocrx_word' id='word_1_163' title='bbox 491 4015 610 4079; x_wconf 84' lang='lat' dir='ltr'><strong>eontra</strong></span> <span class='ocrx_word' id='word_1_164' title='bbox 627 4011 795 4101; x_wconf 82' lang='lat' dir='ltr'><strong>AEgyptiis</strong></span> <span class='ocrx_word' id='word_1_165' title='bbox 814 4013 1002 4084; x_wconf 83' lang='lat' dir='ltr'><strong>maximum</strong></span> <span class='ocrx_word' id='word_1_166' title='bbox 1026 4013 1229 4082; x_wconf 81' lang='lat' dir='ltr'><strong>sacrificium</strong></span> <span class='ocrx_word' id='word_1_167' title='bbox 1253 4009 1312 4081; x_wconf 86' lang='lat' dir='ltr'><strong>ubi</strong></span> <span class='ocrx_word' id='word_1_168' title='bbox 1338 4009 1429 4079; x_wconf 88' lang='lat' dir='ltr'><strong>into·</strong></span> 
     </span>
     <span class='ocr_line' id='line_1_25' title="bbox 310 4126 882 4214; baseline -0.009 -18"><span class='ocrx_word' id='word_1_169' title='bbox 310 4145 409 4214; x_wconf 80' lang='lat' dir='ltr'><strong>grum</strong></span> <span class='ocrx_word' id='word_1_170' title='bbox 428 4144 587 4196; x_wconf 87' lang='lat' dir='ltr'><strong>anserem</strong></span> <span class='ocrx_word' id='word_1_171' title='bbox 603 4126 841 4202; x_wconf 86' lang='lat' dir='ltr'><strong>adoleverunt.</strong></span> <span class='ocrx_word' id='word_1_172' title='bbox 865 4158 882 4193; x_wconf 88' lang='lat'>»</span> 
     </span>
    </p>
   </div>
   <div class='ocr_carea' id='block_1_7' title="bbox 766 4309 978 4326">
    <p class='ocr_par' dir='ltr' id='par_1_12' title="bbox 766 4309 978 4326">
     <span class='ocr_line' id='line_1_26' title="bbox 766 4309 978 4326; baseline 0.009 -7"><span class='ocrx_word' id='word_1_173' title='bbox 766 4309 978 4326; x_wconf 67' lang='lat' dir='ltr'>——n—</span> 
     </span>
    </p>
   </div>
   <div class='ocr_carea' id='block_1_8' title="bbox 0 0 1590 5042">
    <p class='ocr_par' dir='ltr' id='par_1_13' title="bbox 0 0 1590 5042">
     <span class='ocr_line' id='line_1_27' title="bbox 0 0 1590 5042; baseline 0 0"><span class='ocrx_word' id='word_1_174' title='bbox 0 0 1590 5042; x_wconf 95' lang='lat' dir='ltr'><strong> </strong></span> 
     </span>
    </p>
   </div>
  </div>
 </body>
</html>
