3148 5042
733 508 894 574 45-

218 719 221 728 ·
294 677 377 756 Ouae
403 675 536 745 urbane
562 679 596 742 et
621 653 768 742 venuste
792 691 814 739 a
839 676 959 740 nostro
990 676 1123 742 oratore
1157 673 1245 742 diota
1273 681 1366 744 sunt.

250 792 390 871 Quoties
404 797 521 860 autem
539 807 654 857 amare
672 792 707 856 et
723 785 865 856 acerbe!
885 813 903 849 «
919 788 980 856 Est
996 807 1152 856 amarum
1166 789 1332 878 quiddam
1343 795 1368 877 ¹,

250 907 344 998 quod
364 907 436 976 iero
458 907 495 974 in
514 903 722 974 contumelia
739 907 794 971 est
810 903 975 990 positum,
993 905 1094 992 quale
1114 905 1219 974 Cassii
1240 930 1248 972 :
1274 908 1372 991 Quid

247 1024 359 1110 socies
378 1041 458 1088 cum
476 1022 517 1088 in
537 1022 627 1088 bono
644 1028 707 1086 tua
725 1020 913 1087 invasere?
929 1020 995 1087 troc
1008 1027 1061 1088 est
1075 1039 1157 1088 cum
1173 1028 1205 1090 tc
1220 1023 1368 1092 docuero

248 1139 383 1206 nescire
399 1136 619 1205 maledicere.
637 1162 654 1197 »

294 1251 380 1322 Vide
395 1250 569 1340 quomodo
583 1251 720 1319 Cassius
736 1251 882 1320 Severus
900 1257 1053 1320 oratores
1074 1257 1108 1320 et
1122 1251 1369 1324 declamatores

250 1367 394 1436 lacessat
420 1370 454 1434 et
476 1364 588 1434 ludat.
615 1365 749 1433 Cestius
774 1363 915 1454 quidam
934 1364 1145 1434 declamator
1168 1366 1368 1436 Ciceronem

251 1481 370 1552 oderat
388 1487 422 1550 et
446 1501 584 1569 sempor
599 1480 842 1551 insectabatm.
863 1480 1000 1549 Cassius
1020 1482 1195 1550 «intravit
1217 1482 1369 1551 scholam

251 1597 373 1666 Cestii¹
392 1617 472 1664 rum
490 1598 693 1666 recitaturus
711 1602 803 1666 esset
821 1597 859 1663 in
877 1596 1041 1665 Milonem
1051 1623 1061 1680 ;
1078 1597 1211 1666 Cestius
1230 1617 1273 1666 cx
1291 1618 1372 1667 con·

251 1709 434 1781 suetudine
457 1733 520 1780 sua
544 1713 689 1782 miratus
716 1711 878 1782 dicebat:
904 1713 937 1780 Si
960 1711 1073 1780 Threx
1096 1732 1223 1797 essem,
1247 1713 1372 1783 Fusius

251 1847 386 1910 essem;
403 1829 432 1896 si
451 1828 685 1918 pantomimus
703 1848 828 1912 essem,
845 1828 1024 1916 Bathyllus
1043 1847 1173 1911 cssem;
1192 1829 1222 1896 si
1245 1847 1371 1916 equuS,

249 1946 412 2014 Melissio.
429 1945 567 2014 Cassius
591 1965 662 2012 non
684 1945 854 2014 continuit
875 1944 981 2014 bilem
1010 1950 1045 2014 et
1071 1945 1275 2014 exclamavit
1300 1947 1373 2016 :Si

250 2062 368 2130 cloaca
388 2079 491 2146 33333,
506 2062 667 2128 mumma
681 2081 783 2129 33333.
803 2087 820 2122 n

294 2178 343 2246 De
362 2175 513 2244 Fabiano
534 2175 695 2261 Maximo,
715 2177 774 2264 qui
793 2175 912 2266 putide
931 2175 1036 2246 verbo
1056 2178 1162 2265 puori
1181 2175 1371 2265 saepissime

249 2291 420 2374 utebatur,
455 2319 472 2354 ι(
502 2291 639 2361 Cassius
648 2295 671 2375 ³,
703 2297 888 2381 antequam
925 2291 983 2360 ab·
1003 2292 1070 2377 illo.
1092 2311 1172 2360 reus
1199 2297 1368 2382 ageretur,

251 2406 406 2476 dixerat:
424 2411 538 2493 Quasi
554 2408 768 2492 dicernere,
786 2410 892 2496 quasi
902 2411 1078 2494 formosus
1093 2428 1141 2491 33,
1156 2408 1261 2495 quast
1273 2407 1372 2476 dioec

249 2544 303 2606 33;
319 2545 432 2594 unum
456 2533 645 2594 lautomas
660 2527 853 2614 conqueri
867 2544 994 2612 coppo.
1018 2550 1035 2586 »

295 2663 312 2700 o
344 2638 461 2706 Multi‘
487 2645 584 2707 erant
616 2637 861 2708 declamatores
893 2641 952 2728 qui
985 2637 1136 2708 detracto
1170 2636 1275 2707 verbo
1309 2644 1370 2706 aut

249 2752 382 2843 adjecto
406 2756 567 2843 putarent
589 2775 626 2824 se
648 2755 778 2825 alienas
809 2755 996 2824 sententias
1022 2755 1108 2823 lucri
1135 2752 1269 2864 focissp.
1296 2754 1370 2822 Hos

249 2867 359 2937 aiebat
377 2869 523 2938 Severus
538 2868 685 2954 Cassius
698 2871 756 2960 qui
770 2869 837 2940 hoc
852 2871 1013 2955 facerent,
1031 2869 1162 2939 similes
1177 2867 1241 2938 sihi
1255 2867 1366 2938 videri

248 2983 382 3052 furibus
397 2983 518 3052 alienis
532 2984 666 3072 poculis
685 3003 786 3052 ansas
801 2983 1026 3053 mutantibus
1048 3010 1064 3045 »

293 3097 391 3179 Quid,
413 3097 506 3187 quod
525 3098 598 3168 haec
615 3099 712 3188 quasi
728 3099 911 3168 crudeliter
924 3099 1029 3170 verba
1046 3100 1083 3167 in
1097 3119 1196 3168 reum
1214 3099 1366 3187 conjicit,

250 3234 327 3302 quae
358 3213 585 3294 Quintiliano⁵
609 3234 680 3282 non
710 3212 927 3282 mediocriter
953 3212 1145 3304 displicent.
1164 3239 1180 3276 ι(
1204 3214 1262 3280 ort
1285 3213 1371 3280 ocni

250 3333 350 3398 otoo:
370 3337 414 3412 et,
436 3349 504 3418 quo
519 3349 574 3398 me
588 3331 826 3416 vioercjuoct,
846 3332 1076 3417 Asprenatem
1094 3347 1195 3397 rcum
1210 3325 1329 3396 video!
1348 3352 1365 3390 o

295 3444 423 3533 Saepius
438 3451 553 3514 autom
568 3445 698 3514 facetiis
712 3443 837 3514 modus
856 3444 976 3514 deinit.
999 3446 1142 3514 Utamur
1160 3443 1225 3511 hac
1242 3442 1368 3510 labella

250 3579 353 3648 quam
368 3558 536 3649 etipsode
552 3560 663 3628 Cestio
678 3560 805 3630 retulit.
825 3561 949 3627 Parum
958 3558 1079 3627 hahuit
1087 3559 1195 3628 risum
1211 3557 1368 3627 omnium

251 3675 402 3745 movisse
417 3682 450 3745 ot
465 3675 705 3745 declamatoris
718 3677 806 3744 iram
822 3675 1148 3756 concitavisseOnin
1165 3674 1272 3742 immo
1288 3694 1370 3742 eum

251 3791 438 3880 composita
453 3790 688 3879 indignatione
707 3796 906 3880 persecutus
921 3799 986 3877 est,
1002 3795 1104 3878 atque
1123 3789 1227 3858 minis
1242 3794 1370 3858 terrere

250 3911 284 3974 et
318 3907 475 3998 frangere
502 3908 623 3976 voluit.
642 3935 659 3970 «
690 3909 898 3978 Postulavit⁶
922 3914 961 3976 ut
983 3912 1109 3997 praetor
1135 3926 1266 3976 nomen
1293 3905 1371 3994 ejus

282 4162 305 4208 Ι.
320 4159 419 4221 Quen,
434 4161 502 4222 Vlll,
517 4163 540 4220 3,
555 4163 594 4210 89.
606 4188 637 4198 -
651 4161 675 4211 2.
691 4159 760 4224 Suc,
779 4159 862 4218 Ceut..
875 4159 921 4221 Ill,
936 4158 1022 4224 praei„
1036 4159 1075 4208 lt.
1090 4155 1219 4217 -3.1n.‚
1236 4153 1320 4212 Cerri„
1336 4153 1371 4211 ΙΙ,

249 4233 289 4353 ῗΙΙΙ,
306 4232 394 4367 Ιέἑωῐ
402 4231 489 4352 ΙῂΙι),
510 4231 595 4294 Cont,
610 4233 642 4294 X,
657 4235 696 4294 34,
710 4234 748 4282 20.
763 4259 796 4270 -
809 4234 833 4282 5.
848 4231 947 4294 Quum,
962 4231 1006 4292 ΙΙΙ,
1023 4232 1046 4292 Ι,
1057 4231 1096 4280 51.
1111 4257 1143 4266 -
1156 4229 1180 4278 6.
1198 4227 1267 4288 Sum,
1285 4225 1372 4286 Coot.‚
