3094 5062
709 529 872 594 ·-·sa·-

227 691 377 759 culusum
390 691 474 759 fore.
493 691 774 761 «Adulescentes
794 694 803 726 ¹
823 711 894 760 nou
910 689 1038 760 debent
1052 692 1197 760 nimium
1211 693 1247 760 in
1266 694 1352 764 falsa

227 827 343 875 rerum
354 807 504 896 imagine
517 807 662 877 detineri
674 813 708 875 et
722 807 882 875 inanibus
897 808 1099 876 simulacris.
1119 835 1135 870 n
1153 809 1262 898 Atque
1277 809 1353 878 hacc

227 941 299 991 non
316 922 459 992 obscura
473 923 578 991 verba
592 922 697 992 addit.
718 951 733 986 «
755 923 842 1001 Quid
862 924 982 991 attinet
1000 925 1011 958 ²
1030 929 1098 990 tam
1119 925 1237 992 multis
1251 927 1352 994 annis

229 1059 332 1128 quam
348 1040 383 1106 in
398 1059 493 1108 more
511 1046 564 1108 est
581 1039 810 1128 plurimorum
830 1037 882 1128 (ut
902 1037 943 1106 de
962 1037 1028 1120 his,
1046 1059 1066 1106 a
1086 1038 1211 1127 quibus
1228 1061 1353 1129 magna

229 1155 265 1222 in
298 1155 367 1223 hoc
397 1176 477 1244 pars
505 1157 614 1224 aetatis
642 1155 850 1240 absumitur,
887 1153 1031 1244 taceam)
1064 1154 1282 1224 declamitare
1314 1157 1350 1223 in

229 1270 358 1355 schola,
381 1277 414 1339 et
433 1277 566 1339 tantum
590 1270 716 1340 laboris
739 1272 774 1338 in
794 1270 898 1338 rebus
921 1269 1015 1338 falsis
1039 1291 1252 1354 consumere,
1270 1291 1350 1338 cum

227 1386 308 1454 satis
342 1388 386 1455 sit
415 1387 549 1456 modico
580 1393 735 1476 tempore
764 1387 946 1474 imaginem
977 1386 1050 1454 veri
1079 1384 1288 1455 discriminis
1316 1394 1352 1456 et

228 1501 361 1570 dicendi
386 1503 481 1591 leges
495 1500 723 1592 comperisse?
743 1501 840 1580 Quod
854 1521 926 1569 non
941 1500 1017 1568 dico
1039 1501 1120 1590 quia
1135 1502 1179 1570 sit
1196 1523 1350 1590 unquam

226 1618 414 1686 omittenda
429 1617 563 1687 dicendi
587 1619 795 1703 exercitatio,
813 1617 873 1686 sed
887 1618 966 1706 quia
988 1618 1120 1686 nonsit
1137 1618 1172 1684 in
1193 1639 1260 1686 uua
1275 1619 1350 1706 ejus

227 1735 339 1822 specie
358 1734 689 1803 consenescendum.
710 1761 726 1795 a

271 1849 378 1926 Quam
398 1849 472 1917 haec
493 1851 699 1935 exercitatio,
721 1851 795 1918 sine
818 1848 922 1917 dubio
944 1849 1136 1930 utilissima,
1161 1851 1249 1917 mala
1275 1851 1348 1919 lteri

226 1972 358 2054 posset,
393 1965 624 2043 Quintilianus
652 1965 804 2054 quidem,
837 1985 907 2034 non
941 1971 1056 2034 autem
1086 1967 1213 2035 Seneca
1245 1965 1346 2048 vidit,

227 2079 352 2169 quippe
380 2081 438 2168 qui
466 2079 652 2170 discipulos
681 2082 717 2148 in
748 2080 834 2149 falsa
866 2101 983 2149 rerum
1016 2081 1165 2169 imagine
1194 2079 1350 2149 detinere

226 2195 405 2280 voluisset,
434 2203 467 2264 et
490 2197 524 2263 in
551 2196 617 2264 hoc
635 2196 751 2264 labore
776 2200 1064 2265 consenescentes
1082 2202 1188 2264 totam
1214 2202 1349 2264 aetatem

226 2311 407 2380 absumere
427 2313 622 2400 cupivisset.
648 2314 807 2381 Attamen
832 2313 960 2380 Seneca
983 2311 1057 2400 ipse
1087 2333 1187 2380 suum
1212 2319 1350 2400 tempus

226 2426 451 2495 eminentium
482 2434 654 2496 oratorum
684 2427 832 2517 ingeniis
865 2447 936 2495 non
968 2426 1090 2496 florere
1118 2427 1258 2514 fatetur;
1288 2427 1351 2496 sed

226 2543 383 2631 quamvis
410 2543 539 2633 judicio
574 2565 658 2613 sano
688 2545 892 2633 plerumque
930 2550 1059 2627 utatur,
1095 2543 1352 2632 admiraturque

227 2658 399 2727 Ciceronis
424 2660 602 2748 ingenium
625 2687 641 2721 «
661 2660 753 2749 quod
777 2661 916 2728 sotum³
935 2660 1084 2748 populus
1106 2680 1268 2727 romanus
1290 2679 1353 2748 par

226 2775 369 2864 imperio
380 2795 443 2843 suo
454 2775 573 2844 habuit
585 2803 616 2860 n,
631 2797 702 2844 non
718 2795 817 2844 veras
834 2781 1001 2864 corruptae
1011 2775 1215 2862 eloquentia
1230 2795 1353 2843 causas

230 2891 429 2981 introspicit.
525 2875 527 2878 ’

273 3007 373 3074 Hunc
395 3006 533 3096 quidem
555 3027 625 3075 nou
647 3007 735 3076 fallit
760 3035 777 3070 «
801 3009 836 3074 in
857 3009 1049 3097 quantum‘
1070 3007 1191 3076 cotidie
1211 3008 1352 3098 ingenia

229 3119 427 3190 decrescant
446 3129 491 3207 et,
512 3122 629 3191 nescio
649 3144 717 3212 qua
740 3124 916 3212 iniquitate
936 3129 1079 3203 naturae,
1097 3122 1294 3211 eloquentia
1312 3142 1352 3191 se

227 3244 318 3306 retro
334 3237 447 3305 tulerit
465 3266 494 3305 n.

275 3354 323 3421 De
356 3355 439 3421 luxu
463 3359 657 3442 temporum
677 3361 711 3423 et
743 3353 874 3422 desidia
894 3355 1087 3443 juventutis
1108 3354 1253 3422 fortasse
1272 3353 1354 3442 jure

228 3469 392 3556 queritur,
420 3469 652 3558 eloquentiam
673 3476 788 3539 autem
818 3489 879 3560 per
905 3469 1190 3538 declamationem
1219 3471 1354 3537 renasci

228 3603 342 3672 posse,
374 3585 480 3652 immo
509 3586 610 3652 etiam
639 3585 725 3652 nihil
749 3584 840 3653 aliud
869 3585 934 3654 nisi
965 3584 1250 3653 declamationem
1273 3604 1353 3652 esse

228 3698 409 3767 existimat.
446 3699 554 3777 Quam
581 3701 712 3788 ingenti
744 3699 915 3769 alacritate
947 3699 1079 3769 dehoc
1111 3719 1204 3768 novo
1233 3697 1353 3769 studio

227 3814 378 3902 loquitur
400 3813 519 3883 «adeo
540 3837 631 3884 novo
651 3823 688 3884 ut
707 3837 834 3885 nornen
856 3837 992 3906 quoque
1008 3817 1082 3906 ejus
1102 3836 1236 3885 novum
1255 3815 1353 3900 sit»,

227 3927 320 4017 quod
342 3937 420 4018 post
442 3930 609 3999 Ciceronis
631 3938 783 4021 tempora
804 3958 821 3993 a
842 3930 1004 4000 celebrari
1025 3931 1126 4020 coepit
1148 3958 1178 4014 »‚
1205 3937 1240 3999 et
1257 3950 1357 4000 nunc

231 4071 246 4106 «
283 4045 496 4129 scholastica,
533 4049 776 4133 controversia,
817 4047 1049 4117 declamatio⁵
1078 4075 1093 4110 »
1135 4047 1354 4138 appellatur!

261 4246 283 4293 1.
299 4244 397 4303 Quian,
416 4244 447 4305 X,
465 4247 488 4306 5,
509 4247 546 4294 tt.
563 4247 629 4294 -2,
649 4245 695 4306 Iu.‚
718 4245 773 4306 llll,
793 4246 885 4304 11,15.
906 4273 937 4282 -
956 4248 980 4296 3.
1003 4245 1133 4304 Contrua,
1157 4243 1177 4306 1,
1199 4245 1282 4309 prael..
1311 4247 1358 4296 ll.

227 4343 259 4351 -
273 4317 296 4364 1.
311 4313 387 4374 tatu„
401 4319 425 4365 6.
435 4344 466 4352 —-
481 4319 504 4365 5.
520 4315 650 4379 Contrua,
664 4317 684 4378 l,
700 4317 784 4378 prael,
800 4318 837 4366 12.
