3148 5042
574 569 576 576 ,
685 519 845 586 ...45-

200 687 378 778 ingenium
389 683 533 754 oratoris
545 687 615 751 lam
625 703 781 752 amarum
795 663 902 752 fuisse
917 703 1021 770 quam
1031 683 1209 773 ingenium
1221 687 1324 777 scrip

199 804 284 874 toris
308 802 367 892 qni
384 827 401 864 u
424 799 518 870 viros
542 797 759 889 feminasque
784 799 934 868 illustres
960 799 1160 888 procacibus
1189 803 1325 894 scriptis

202 918 438 988 diffamaverat
463 943 493 1000 u,
521 922 555 985 et
582 917 741 1005 quamvis
770 917 868 986 exsul
898 915 1031 984 Cretam
1046 921 1182 986 amotus
1203 917 1325 989 fuisset

202 1061 219 1098 «ι
228 1034 300 1102 illio
314 1031 435 1100 eadem
450 1030 622 1099 actitando
636 1032 786 1101 recentia
795 1037 979 1120 veteraque
989 1029 1067 1100 odia
1080 1031 1273 1102 adverterat
1287 1062 1319 1104 ».

245 1149 398 1228 Quorum
424 1146 548 1216 salium
572 1148 743 1238 exempla,
769 1148 804 1215 in
829 1146 885 1216 his
908 1167 985 1236 quae
1007 1155 1205 1237 supersunt,
1225 1151 1323 1221 facile

200 1263 449 1334 ostendemus:
469 1267 619 1332 attamen
642 1282 714 1330 non
737 1281 873 1352 semper
894 1262 989 1331 huno
1013 1262 1167 1351 leporem
1188 1265 1322 1335 urbani·

200 1379 292 1461 tatis,
315 1378 438 1466 saepius
453 1381 580 1472 autem,
588 1376 852 1446 amaritudinem
866 1377 1096 1446 inveniemus.

247 1493 406 1562 Urbanus
423 1497 475 1562 est
490 1512 569 1560 oum
587 1494 630 1559 ab
651 1491 827 1562 auditione
846 1490 1024 1581 cujusdam
1040 1495 1182 1562 oratoris
1197 1495 1333 1567 rediret·

201 1610 259 1700 qui
286 1630 357 1678 uno
391 1609 446 1679 die
479 1614 514 1679 et
543 1627 652 1698 graeoe
685 1613 719 1676 et
747 1609 852 1677 latine
881 1607 1148 1695 declamaveret,
1177 1631 1323 1701 cumque

203 1754 219 1791 «
246 1725 475 1815 interrogatus
491 1726 514 1810 ¹,
540 1723 716 1812 quomodo
742 1723 900 1807 dixisset,
923 1723 1099 1813 respondit
1124 1747 1132 1790 z
1156 1730 1245 1796 male
1269 1730 1325 1795 καὶ

201 1844 303 1915 κακῶς
328 1864 364 1927 »;
386 1859 464 1909 cum
491 1865 508 1902 «
534 1838 687 1909 dicenti¹
710 1838 1003 1908 adulescentulo:
1031 1838 1125 1922 Quid
1150 1860 1205 1910 me
1228 1850 1324 1913 torvo

203 1960 304 2028 vultu
318 1959 480 2036 intueris,
496 1957 643 2026 Severe?
656 1956 834 2046 respondit
851 1977 859 2022 :
874 1961 953 2030 Non
967 1959 1163 2027 mehercule
1182 1961 1324 2047 quidem

201 2074 461 2164 faciedunureii
473 2076 524 2143 sic
538 2075 713 2162 tempsisti
723 2094 735 2140 :
745 2071 840 2142 ecce!
854 2082 888 2142 et
902 2094 1006 2162 quam
1020 2076 1130 2163 potuit
1147 2076 1322 2145 truculen-

201 2190 333 2259 tissime
351 2209 431 2258 eum
451 2190 584 2280 aspexit
601 2218 630 2256 ».
647 2229 693 2240 -
713 2190 870 2259 Urbanus
894 2197 1043 2260 osteum
1064 2217 1081 2254 «
1103 2191 1323 2280 objurgatus³

200 2311 388 2395 apreetore
413 2305 504 2394 quod
524 2305 677 2374 advocati
704 2306 780 2394 ejus
806 2306 842 2374 L.
869 2305 958 2376 Varo
981 2306 1159 2396 Epicureo,
1181 2306 1322 2378 Gaesaris

199 2419 323 2505 amico,
341 2420 534 2489 convicium
554 2419 717 2491 fecissent
734 2443 742 2486 ε
760 2423 896 2505 Nescio,
914 2420 1038 2510 inquit,
1054 2423 1119 2510 qui
1136 2424 1325 2492 conviciet

199 2538 292 2620 εἰπε
316 2545 350 2605 et
365 2543 456 2625 puto
481 2538 604 2604 stoicos
626 2537 741 2622 fuisse
766 2558 801 2619 »;
825 2557 969 2605 -cum
992 2536 1212 2626 «objiciente
1236 2560 1323 2628 quo-

199 2651 398 2741 dam⁸quod
414 2652 445 2721 ei
457 2650 560 2720 domo
576 2671 638 2720 sua
649 2652 846 2721 Proculeius
860 2651 1105 2740 interdixisset,
1122 2653 1321 2744 respondit:

200 2769 377 2872 Nurrqtgid
388 2788 470 2854 erpo
486 2769 764 2838 illucesceret»
782 2809 827 2820 -
842 2772 996 2838 urbanus
1012 2773 1064 2838 est
1084 2788 1163 2840 cum
1178 2768 1323 2838 irridens

198 2882 380 2971 eujusdam
404 2884 548 2952 oratoris
568 2883 756 2953 vanitatem
784 2883 843 2973 qui
870 2884 1015 2953 humilia
1038 2883 1143 2953 verba
1168 2883 1324 2954 reformi-

199 2997 304 3067 dabat
327 3006 361 3066 et
391 3026 408 3060 «
428 2999 465 3065 in
489 2999 644 3067 actione⁸
666 3001 818 3069 ibericus
845 3002 971 3070 berder
997 2999 1143 3087 dicebat,
1164 3007 1325 3090 spartum

199 3133 282 3181 eum
298 3113 411 3183 dicere
425 3114 515 3183 velle
534 3113 699 3183 indicavit
710 3139 747 3201 »3
764 3135 847 3184 oum
863 3115 1030 3184 adversus
1045 3115 1250 3185 advocatum
1265 3116 1323 3205 qui

198 3229 235 3295 in
252 3227 387 3297 diversa
405 3228 569 3298 subsellia
583 3229 751 3298 transibat
771 3257 788 3292 «
806 3231 918 3300 labeas
927 3233 1092 3319 poposcit
1107 3256 1124 3293 v
1135 3233 1163 3317 ⁶3
1181 3271 1225 3282 —
1244 3251 1321 3299 eum

198 3346 239 3412 in
253 3344 477 3414 advocatione
491 3343 652 3435 quadam,
666 3346 701 3414 in
717 3367 785 3435 qua
801 3373 817 3409 α
830 3346 873 3413 Μ.
884 3348 1096 3435 Pomponius
1108 3346 1287 3415 Marcellus
1297 3348 1320 3430 ⁷,

199 3460 369 3530 sermonis
398 3460 493 3528 latini
529 3467 668 3530 exactor
696 3445 979 3546 molestissimus,
1011 3462 1246 3531 soloecismum
1279 3461 1322 3530 ab

198 3575 394 3644 adversario
418 3575 545 3646 lectum
567 3597 712 3668 arguere
735 3577 987 3666 perseverabat,
1011 3578 1070 3647 ille
1096 3578 1322 3668 interpellatis

194 3691 368 3781 judicibus
384 3691 584 3763 dilationem
603 3694 721 3784 petiit:
739 3704 782 3764 ut
799 3695 957 3781 iitipotor
971 3715 1058 3764 srvos
1072 3696 1187 3762 olima
1201 3712 1321 3780 prum-

197 3809 369 3876 maticom
384 3810 582 3894 adhiberet·
597 3811 740 3899 quondo
759 3829 831 3878 non
849 3818 955 3897 putat
973 3811 1004 3878 ir
1024 3829 1103 3878 rom
1118 3809 1321 3877 adversario

198 3922 241 3990 de
258 3927 347 4009 jure
365 3924 444 4004 sibi,
461 3927 525 3993 sed
544 3927 586 3994 de
604 3927 794 3994 soloecismo
811 3926 1083 3994 controversiam
1101 3927 1278 4010 suturam.
1304 3949 1320 3984 »

231 4166 252 4212 l.
269 4165 337 4227 Sau,
354 4164 484 4226 Contrua,
504 4167 549 4229 lx,
567 4169 605 4229 26,
622 4169 660 4218 lt.
672 4194 704 4204 -
718 4169 741 4216 2.
760 4167 858 4228 erun,
876 4166 918 4228 Vl,
935 4167 955 4229 1,
970 4169 1010 4216 te.
1024 4192 1056 4203 -
1068 4169 1091 4217 3.
1107 4165 1154 4223 In.,
1171 4166 1213 4227 Vl,
1236 4167 1260 4226 3,
1282 4167 1321 4227 Ἰ8,

195 4263 229 4276 -
243 4239 265 4284 l.
282 4237 329 4298 ln.‚
344 4238 384 4287 ⁵19.
400 4263 431 4273 -
443 4240 465 4287 5.
488 4237 535 4300 ln.‚
551 4237 619 4298 Vlll,
635 4240 658 4300 2,
676 4240 700 4288 2.
715 4267 746 4278 —
760 4241 784 4289 6.
802 4239 898 4301 Quinc,
920 4238 964 4300 XI,
984 4239 1007 4300 3,
1021 4238 1075 4287 lea.
1091 4263 1122 4276 -
1141 4239 1165 4288 l.
1187 4237 1272 4299 Scan,
1290 4237 1322 4288 de

196 4304 284 4356 Ilicet.
301 4307 456 4370 Grammat,
474 4310 513 4358 22.
