3094 5062
686 507 847 570 ..37-

199 675 344 762 ponunt.
363 695 380 730 «
398 667 562 740 Castitas¹
578 667 706 739 civitati
722 672 801 736 ante
817 665 935 735 omnia
949 666 1151 738 necessaria.
1170 694 1187 730 »
1204 667 1322 736 Puella

200 793 350 875 raptase
368 783 550 872 suspendit
572 790 617 867 et,
643 789 680 852 ut
703 782 873 867 Lucretia,
896 782 1051 871 pervim
1074 781 1227 850 oblatum
1250 789 1323 852 stu-

199 922 301 991 prum
316 899 511 969 voluntaria
524 904 635 967 morte
648 899 725 966 luit.
738 899 843 987 Cujus
861 903 956 987 pater
972 899 1162 968 exclamat:
1183 925 1198 960 «
1217 898 1324 968 Filia⁸

200 1035 278 1083 mea
296 1013 412 1084 vitiata
426 1019 479 1082 est
495 1037 503 1080 :
522 1011 564 1080 oh
581 1012 647 1080 hoc
665 1012 776 1100 periit.
794 1038 810 1074 »

200 1163 203 1170 ¹
244 1128 409 1200 Sacerdos
428 1127 562 1201 adulter
581 1127 760 1197 nocentior
781 1134 834 1197 est
852 1147 956 1216 quam
974 1128 1182 1217 quicumque
1204 1127 1321 1198 homo.

201 1245 380 1334 «Turpius
399 1251 451 1313 est
469 1243 676 1312 adulterium
695 1244 731 1310 in
751 1242 926 1312 sacerdote
941 1245 964 1310 ².
983 1269 999 1304 »
1017 1243 1237 1312 sanctissima
1251 1263 1325 1312 cas·

199 1363 278 1432 titas
297 1363 334 1428 in
354 1360 488 1449 virgine
507 1357 681 1428 sacerdote
701 1360 876 1447 quaeritur.
900 1360 981 1427 Haec
1000 1359 1093 1427 enim
1112 1357 1216 1427 verba
1234 1377 1323 1426 non·

199 1495 379 1565 nunquam
394 1475 543 1563 reperies
560 1496 568 1542 :
588 1474 785 1544 «Sacerdos
804 1482 933 1544 castae
952 1475 1064 1556 castis,
1082 1493 1204 1563 purae
1223 1473 1318 1564 puris

199 1593 254 1663 sit.
282 1618 299 1653 »
327 1589 472 1670 Quidam
500 1591 616 1659 rhetor
641 1596 737 1680 putat
760 1617 778 1653 «
803 1591 991 1660 castitatem
1020 1611 1090 1659 non
1116 1595 1250 1658 tantum
1277 1587 1322 1658 ad

198 1708 429 1798 virginitatem
462 1706 580 1775 referri
608 1705 668 1774 sed
695 1704 738 1775 ad
767 1707 925 1776 omnium
955 1706 1105 1796 turpium
1136 1714 1170 1777 et
1202 1705 1323 1776 obsce·

199 1843 322 1891 narum
346 1841 461 1890 rerum
485 1820 772 1892 aestimationem‘
799 1848 828 1888 ».
850 1822 947 1890 Alius
967 1820 1078 1910 inquit
1099 1843 1106 1889 :
1130 1848 1147 1884 «
1169 1821 1238 1889 hex
1261 1848 1278 1884 c
1301 1840 1321 1890 a

199 1938 334 2008 castis»
357 1958 436 2006 cum
455 1936 548 2023 dicit,
565 1937 631 2005 hoc
652 1957 725 2004 non
743 1942 877 2006 tantum
896 1936 939 2006 ad
954 1944 1113 2028 parentes
1127 1936 1242 2021 refert,
1258 1935 1320 2006 sed

197 2052 241 2121 ad
268 2073 391 2121 omnes
415 2052 540 2141 quibus
566 2058 765 2120 conversata
785 2058 838 2121 est
860 2053 973 2142 virg03
997 2053 1181 2122 nonenim
1204 2051 1321 2142 adjicit

201 2197 217 2232 «
235 2187 254 2236 e
273 2169 375 2236 castis
390 2167 589 2258 parentibus
604 2195 621 2230 »
631 2190 640 2251 ;
658 2167 719 2237 sed
736 2196 752 2231 «
769 2189 788 2238 e
803 2170 904 2238 castis
921 2197 936 2231 o
953 2189 1031 2237 cum
1052 2168 1132 2237 dicit
1150 2168 1225 2236 vult
1241 2167 1319 2236 illos

197 2273 220 2350 a
234 2282 361 2372 quibus
379 2283 476 2352 venit
494 2283 590 2370 virgo
609 2291 721 2352 castos
739 2303 827 2353 esse.
847 2283 1014 2372 Intellego
1037 2283 1101 2352 sub
1125 2285 1191 2352 hoc
1214 2265 1319 2352 verbo

197 2399 316 2465 multa.
331 2398 439 2466 Castis
454 2419 534 2466 cum
548 2397 642 2485 dicit,
654 2397 816 2489 intellego
831 2400 933 2468 castis
948 2400 1146 2491 penatibus;
1159 2399 1319 2488 intellego

195 2515 298 2586 castis
313 2513 505 2606 disciplinis
518 2518 540 2583 ⁵.
559 2541 576 2578 u
594 2516 747 2604 Denique
762 2543 780 2610 a<
797 2516 894 2605 virgo
909 2517 1049 2586 vestalis
1063 2537 1121 2586 rea
1135 2523 1187 2586 est
1200 2515 1322 2586 incesti

195 2631 277 2720 quia
296 2631 431 2720 scripsit
449 2631 544 2699 hunc
566 2651 705 2702 versum
725 2653 733 2699 :

394 2845 500 2901 Felices
514 2849 627 2919 nupta!
643 2845 749 2904 Moriar
763 2845 822 2902 nisi
837 2844 946 2901 nubere
962 2844 1043 2900 dulce
1059 2851 1113 2901 cst.

242 3066 260 3101 a
291 3040 316 3107 0
347 3016 390 3120 te,
422 3039 589 3108 exclamat
615 3039 743 3124 rhetor,
774 3040 869 3107 omni
898 3039 1065 3129 supplicio
1095 3038 1234 3128 dignam
1263 3037 1318 3107 cui

195 3157 378 3245 quicquam
407 3153 595 3223 sacerdotio
624 3153 757 3224 felicius
786 3161 853 3222 cst!
878 3155 1012 3223 Incesta
1031 3161 1084 3224 est
1111 3155 1213 3223 etiam
1242 3155 1315 3232 sine

196 3279 315 3360 stupro
335 3291 413 3360 quae
432 3270 524 3359 cupit
542 3271 730 3360 stuprum⁶.
750 3297 766 3334 »
785 3272 866 3338 Haec
885 3276 937 3338 est
955 3271 1025 3339 fere
1044 3269 1239 3338 christiania
1258 3271 1315 3338 lex

196 3408 276 3455 cum
299 3406 423 3484 cupere
448 3386 547 3474 culpa
568 3365 766 3482 habeatur.²
1306 3405 1307 3470 j

242 3502 328 3580 Quin
349 3501 452 3570 etiam
471 3502 625 3571 rhetores
645 3500 802 3591 quaedam
822 3507 1041 3572 contemnere
1060 3521 1131 3570 non
1146 3501 1316 3587 dubitant,

194 3603 275 3708 quae
294 3636 376 3686 sane
396 3615 572 3686 hominem
593 3638 664 3686 non
684 3617 819 3705 decent,
835 3619 985 3708 antiquis
1003 3637 1084 3687 vero
1105 3639 1175 3686 non
1195 3637 1319 3705 magno

194 3721 319 3822 pudori
334 3731 442 3802 incre.
459 3734 617 3803 Rusticus
629 3733 782 3822 quidam,
793 3756 871 3804 cum
888 3735 998 3802 filium
1015 3755 1116 3803 suum
1132 3733 1319 3822 parasitum

195 3848 340 3935 invenit,
360 3877 376 3912 «
398 3849 534 3918 eruhuit
553 3876 585 3936 »,
608 3857 642 3919 et
659 3851 769 3919 filium
790 3850 936 3920 abdicat.
961 3878 978 3913 «
1000 3852 1032 3919 Si
1051 3850 1143 3918 bona
1162 3859 1314 3938 paterna,

194 3953 319 4054 inquit,
351 3966 643 4056 consumpsisses,
673 3968 751 4056 jure
784 3966 989 4036 abdicareris
1018 3965 1254 4046 :libertatem
1282 3969 1316 4034 et

193 4269 196 4276 ,
226 4218 355 4280 LQumr,
365 4233 392 4282 p.
405 4220 518 4270 alc—2.
527 4219 576 4282 ln,
586 4235 612 4284 p.
624 4223 810 4284 105.,—3.1o.‚
823 4236 848 4284 p.
865 4223 987 4272 lta—t.
998 4221 1158 4284 Scu.‚Goot.‚
1170 4221 1190 4286 1,
1204 4225 1228 4286 2,
1238 4235 1266 4285 p.
1276 4222 1317 4272 ¹1³.

192 4315 225 4326 ·-
241 4291 265 4338 5.
281 4290 329 4352 lo..
341 4289 417 4349 iord„
435 4304 460 4356 p.
476 4292 682 4356 rl.-6.s1ru.‚
698 4292 785 4352 Cant..
798 4294 842 4356 Vl,
857 4293 879 4354 8,
894 4308 922 4358 p.
941 4295 1026 4364 tlt-9.
1065 4345 1068 4350 ,
1128 4333 1132 4339 ,
