3094 5062
660 550 801 614 ..9-

166 708 286 778 duram
302 709 416 798 legem
431 729 533 797 quam
549 711 739 780 Decemviri
754 711 967 802 pertulerunt
983 731 992 779 :
1011 737 1028 774 «
1047 711 1081 779 Si
1095 713 1153 801 qui
1168 713 1286 802 pipnlo

166 825 1287 918 occentasitcarmenvecondiditquodinfameiaxitflagitiumque

165 940 274 1023 alteri,
295 941 385 1009 fuste
400 940 498 1010 ferito
515 969 547 1010 u.

210 1058 291 1135 Quae
308 1057 363 1126 lex
373 1056 416 1125 ad
429 1056 573 1127 liberam
587 1058 759 1126 civitatem
771 1058 885 1125 minus
896 1056 1019 1126 idonea
1029 1077 1104 1127 esse
1116 1056 1248 1126 videtur
1261 1059 1283 1124 ¹.

209 1174 258 1241 Ne
274 1171 367 1240 dicas
389 1172 478 1240 hanc
500 1173 612 1262 legem
634 1173 741 1242 fuisse
759 1173 897 1242 inanem
917 1173 1081 1241 :Naevius
1102 1173 1194 1242 enim
1214 1173 1285 1263 qui,

164 1308 259 1356 more
296 1289 551 1377 Aristophanis,
582 1288 755 1358 studiosus
792 1294 907 1357 autem
944 1287 1070 1377 plebiS,
1109 1289 1289 1377 optimates

163 1403 391 1485 lacessiverat,
409 1405 560 1493 primum
580 1405 614 1471 in
636 1424 805 1472 carcerem
825 1406 998 1493 conjectus
1018 1409 1082 1488 est,
1100 1424 1287 1492 rursusque

164 1515 347 1585 damnatus
366 1517 486 1586 exsilio
512 1517 677 1586 multatus
703 1524 777 1585 est:
801 1537 872 1585 non
894 1518 997 1606 igitur
1020 1516 1141 1586 licebat
1161 1518 1289 1586 Romae

164 1631 297 1720 plebeio
330 1641 441 1721 poetae
471 1632 626 1702 Metellos
649 1640 684 1701 et
707 1632 882 1722 Scipiones
910 1632 1022 1702 verbis
1047 1631 1181 1718 laedere,
1205 1632 1288 1701 dnm

164 1748 308 1816 Athenis
328 1748 475 1817 infestus
490 1748 587 1838 plebi
607 1755 706 1838 poeta
731 1750 907 1820 Cleontem
923 1746 1113 1817 maledictis
1130 1750 1289 1819 insectari

163 1869 296 1952 poterat
312 1890 319 1932 :
337 1863 494 1950 Athenis,
512 1871 549 1933 ut
564 1865 611 1933 ait
624 1873 715 1934 recte
730 1866 876 1951 Tacitus,
897 1893 913 1927 v
931 1885 1001 1933 non
1013 1863 1116 1933 modo
1133 1865 1287 1952 libertae,

163 1979 267 2048 etiam
290 1979 397 2048 libido
417 1981 586 2069 impunita
604 1982 616 2016 ²
637 2007 667 2048 ».
692 1979 790 2059 Quod
815 2001 886 2049 non
911 1980 1003 2050 idem
1031 1983 1147 2050 Romae
1170 1981 1286 2063 fiebat,

164 2095 222 2163 ubi
242 2095 383 2164 crimine
412 2097 603 2166 imminutae
630 2097 844 2187 majestatis³
864 2097 1012 2186 primum
1037 2099 1136 2178 iacta,
1160 2096 1287 2166 deinde

162 2210 307 2280 tortasse
327 2212 443 2298 verba,
461 2212 663 2281 etiamdum
682 2233 737 2282 res
751 2212 889 2302 publica
903 2212 1025 2297 stabat,
1042 2212 1283 2301 arguebantur.

166 2353 182 2389 u
199 2327 442 2397 Verumtamen
459 2335 512 2397 est
526 2329 699 2418 majestas,
716 2337 754 2398 ut
769 2330 864 2399 Sulla
877 2328 999 2415 voluit,
1016 2350 1060 2398 ne
1080 2330 1115 2396 in
1129 2329 1287 2418 quemvis

163 2442 305 2531 impune
321 2441 510 2512 declamare
526 2444 642 2514 liceret
655 2445 678 2511 ⁴.
693 2471 710 2507 »

207 2558 327 2627 Fateor
357 2558 516 2648 equidem
546 2579 583 2628 re
610 2560 760 2628 maxima
792 2559 963 2645 libertate,
998 2559 1101 2629 etiam
1139 2560 1287 2628 maxima

162 2675 300 2744 licentia
318 2676 493 2744 Romanos
512 2695 594 2744 usos
612 2695 702 2761 esse,
728 2683 763 2745 et
781 2676 905 2746 satirici
925 2676 1086 2744 carminis
1104 2677 1288 2765 scriptores

163 2798 197 2860 et
211 2791 390 2859 historicos
405 2797 440 2859 et
459 2798 622 2874 oratores
640 2791 698 2881 qui
716 2791 935 2881 jampridem,
957 2790 1035 2860 odio
1052 2798 1111 2860 aut
1125 2790 1287 2886 indigna-

163 2907 256 2976 tione
271 2906 423 2996 impulsi,
441 2907 475 2974 in
491 2906 578 2975 alios
593 2907 685 2976 cives
705 2907 898 2996 petulanter
915 2907 1033 2975 invehi
1049 2913 1284 2976 assueverant.

162 3024 242 3091 llaec
255 3023 372 3112 opinio
388 3022 627 3113 percrebuerat
639 3022 784 3112 legibus,
807 3021 941 3110 legibus
956 3042 1091 3112 quoque
1106 3021 1149 3090 de
1165 3024 1287 3112 majes-

163 3145 243 3222 tate,
260 3138 345 3207 faota
360 3139 485 3224 solum,
504 3159 575 3207 non
594 3145 707 3207 autom
723 3139 847 3226 scripta
861 3145 918 3206 aut
933 3137 1022 3206 dicta
1036 3138 1150 3227 puniri
1165 3158 1280 3227 posse.

162 3255 250 3323 Hinc
262 3255 455 3324 Cremutius
470 3252 601 3323 Cordus
611 3254 752 3324 miratur
762 3251 855 3343 quod
865 3252 907 3322 de
918 3255 1095 3342 majestate
1104 3260 1282 3321 accusatus

163 3376 215 3437 est
237 3369 317 3458 quia
337 3370 477 3438 Brutum
498 3376 532 3438 et
553 3369 707 3438 Cassium
727 3369 959 3438 Romanorum
981 3368 1120 3437 ultimos
1138 3367 1280 3437 dixerat.

164 3511 180 3547 «
196 3484 307 3554 Verba
319 3505 409 3570 mea,
421 3485 599 3570 exclamat,
611 3491 802 3573 arguuntur
808 3505 818 3568 ;
831 3483 916 3552 adeo
931 3482 1098 3553 factorum
1114 3484 1283 3552 innocens

193 3691 216 3738 l.
234 3687 301 3738 Vide
317 3687 505 3747 Mournsournu,
523 3686 612 3750 &april
631 3685 676 3735 des
695 3683 751 3735 lois.
768 3707 778 3727 α
795 3685 832 3734 La
852 3684 1014 3747 disposition
1036 3684 1082 3748 qui
1106 3683 1240 3733 decouvre
1260 3683 1285 3732 le

161 3759 253 3808 mieux
268 3759 292 3808 le
307 3757 412 3808 dessein
428 3757 477 3807 des
492 3757 643 3808 decemvirs
656 3759 698 3807 est
711 3757 737 3806 la
749 3757 828 3821 peine
842 3757 955 3818 capitote
970 3757 1125 3819 prononcee
1136 3757 1230 3804 contre
1245 3754 1284 3804 les

160 3833 272 3880 auteurs
286 3830 334 3879 des
354 3829 458 3879 libellos
474 3833 502 3879 et
521 3828 560 3879 les
577 3832 679 3891 poetes.
695 3829 756 3878 Cela
774 3828 843 3877 n'est
860 3831 942 3891 gnere
962 3828 998 3877 du
1016 3827 1095 3886 uenia
1117 3826 1150 3876 de
1164 3827 1189 3874 la
1205 3826 1285 3889 repu-

161 3901 261 3964 blique,
277 3901 312 3950 od
327 3901 352 3951 le
367 3902 464 3964 peuple
481 3901 553 3950 aime
574 3903 590 3949 a
610 3900 668 3950 voir
688 3899 728 3949 les
742 3899 842 3961 grands
858 3899 994 3948 humilies.
1006 3898 1072 3948 Mais
1088 3897 1136 3946 des
1155 3909 1221 3960 gons
1236 3895 1282 3959 qui

160 3973 299 4022 voutaient
317 3985 456 4022 renverser
469 3971 496 4021 la
514 3971 610 4022 liberte
625 3971 793 4034 croignaient
810 3970 858 4020 des
873 3971 954 4020 ecrits
967 3970 1015 4033 qui
1031 3968 1176 4031 pouvaieut
1190 3980 1283 4029 rappe-

159 4045 201 4094 ler
212 4043 314 4108 l’esprit
329 4043 362 4092 de
377 4045 403 4093 ta
414 4044 517 4093 liberte.
535 4064 545 4085 ι
563 4042 616 4106 (Vl,
630 4041 679 4105 lb.)
689 4069 721 4078 -
737 4065 746 4082 ι
764 4041 960 4092 L’aristocratie
975 4044 1018 4090 est
1031 4040 1055 4090 le
1072 4042 1285 4102 gouvernemeot

159 4116 207 4178 qui
224 4115 336 4176 proserit
353 4116 377 4164 le
394 4116 454 4177 plus
471 4114 510 4164 les
527 4126 658 4179 ouvrages
675 4112 826 4177 satiriques.
845 4112 922 4162 Aussi
938 4112 977 4162 les
996 4111 1156 4170 decemvirs,
1171 4110 1219 4173 qui
1235 4110 1285 4159 tor·

160 4187 264 4238 malent
272 4200 325 4237 une
335 4185 508 4244 aristocratia,
521 4184 692 4249 punirent-ils
703 4184 736 4234 de
745 4187 817 4234 mort
828 4185 867 4234 les
879 4182 961 4234 ecrits
972 4183 1124 4246 satiriqnea.
1139 4205 1149 4222 ι
1160 4180 1223 4245 (llll,
1233 4180 1282 4242 13.)

192 4261 218 4306 2.
237 4259 316 4314 Auri..
332 4257 375 4320 lV,
390 4259 429 4308 35.
444 4285 476 4293 —
489 4258 513 4306 3.
534 4258 586 4306 Lex
602 4255 732 4321 Appuleia
747 4257 779 4304 de
796 4254 935 4320 presentata
954 4256 1036 4316 (too);
1053 4253 1095 4304 lex
1119 4254 1198 4303 Varia
1217 4251 1280 4315 (90);

160 4330 205 4381 lex
218 4329 338 4380 Cornelia
352 4330 418 4394 (81);
434 4328 477 4378 lec
486 4327 561 4380 iulia
575 4329 634 4392 (lb).
647 4355 680 4366 -
691 4328 715 4377 Ι.
730 4328 833 4389 Quane,
847 4325 884 4377 cd
897 4326 965 4386 Diu..
981 4325 1026 4387 Ill,
1042 4326 1080 4376 tt.
