3094 5062
764 499 925 564 ..16-

286 639 411 728 scripte
438 657 458 705 a
486 635 619 704 Tiberio
651 634 824 704 abolitae
857 655 1054 705 successore
1084 635 1226 724 probata
1253 637 1410 708 vidisset.

286 756 441 842 Namque
465 751 617 842 Caligula
636 751 694 840 qui
715 777 733 814 «
750 752 957 840 imperium¹
981 750 1139 840 adeptus,
1160 754 1329 841 populum
1353 775 1410 824 ro·

288 890 441 953 manum,
459 868 514 937 vel
537 867 648 936 dicam
667 866 847 935 hominum
866 887 989 956 genus,
1007 867 1079 936 voti
1102 875 1296 958 compotem
1316 869 1409 955 feeit,

285 985 563 1076 exoptatissimus
590 957 749 1072 princeps
777 983 936 1052 maximae
961 983 1048 1071 parti
1078 984 1340 1072 provincialium
1371 1006 1411 1054 ac

287 1101 447 1185 militum,
479 1095 751 1185 incendebatque
785 1104 819 1167 et
846 1099 920 1187 ipse
947 1097 1062 1166 studia
1099 1099 1280 1166 bominum
1312 1102 1409 1169 omni

286 1235 411 1306 genere
435 1212 680 1304 popularitatis,
707 1212 769 1280 Titi
799 1212 950 1298 Labieni,
975 1212 1074 1282 Cordi
1104 1214 1278 1296 Cremulii,
1303 1216 1409 1284 Cassii

286 1331 401 1400 Severi
420 1331 555 1418 scripta,
573 1335 712 1397 senatus
730 1327 898 1396 consultis
916 1327 1054 1406 abolita,
1071 1329 1210 1417 requiri,
1228 1337 1263 1398 et
1281 1350 1357 1400 esse
1373 1331 1409 1399 in

286 1445 446 1514 manibus
465 1444 676 1531 lectitarique
694 1443 895 1532 permisit».
915 1443 993 1512 Sive
1014 1465 1051 1514 re
1070 1464 1152 1514 vera
1167 1446 1283 1535 populi
1304 1446 1410 1515 totius

287 1561 419 1630 romani
435 1560 586 1627 levorem
602 1559 745 1627 emereri
760 1559 877 1648 cupiit,
894 1559 967 1629 sive
983 1565 1117 1627 tantum
1131 1561 1229 1630 aliter
1245 1561 1355 1630 faeere
1371 1581 1412 1630 ae

285 1675 344 1743 alii
363 1675 547 1765 principes,
564 1674 637 1743 sive
653 1674 725 1742 suis
744 1673 926 1743 virtutibus
950 1673 1174 1743 ostendendis
1197 1678 1337 1764 gavisus
1357 1684 1412 1746 est

285 1789 379 1878 quod
411 1788 535 1878 probra
566 1789 602 1856 in
633 1789 826 1878 Augustum
852 1795 885 1858 et
912 1789 1085 1860 Tiberium
1115 1788 1407 1878 divulgarentur:

287 1931 305 1967 «
324 1903 461 1993 quando
481 1903 628 1972 maxime
647 1923 710 1972 sua
728 1903 921 1988 interesset,
939 1910 977 1973 ut
991 1903 1079 1973 facta
1097 1925 1241 1994 quaeque
1260 1907 1412 1995 posteris

286 2019 463 2088 tradantur
483 2048 513 2090 a.

319 2253 341 2302 l.
360 2250 445 2313 Susa,
460 2251 555 2316 Culip,
573 2253 661 2316 13,15,
678 2253 715 2302 16.
