3148 5042
676 465 836 528 ..63-

234 629 393 696 Attamen
413 626 473 695 ille
488 631 615 712 orator,
633 627 691 715 qui
711 627 838 695 lectum
856 632 890 696 et
908 625 1033 696 ardens
1052 647 1163 717 genus
1179 627 1315 699 dicendi

189 742 304 828 hahet,
327 762 397 831 non
422 741 522 810 lusus
545 748 579 810 et
598 743 688 811 latus
712 741 814 811 nohis
838 747 988 832 apparet.
1013 769 1029 804 «
1054 743 1256 833 Quanquam
1280 747 1316 813 in

189 879 313 949 magna
332 864 427 948 parte
446 857 613 925 librorum
630 878 783 940 suorum,
801 857 847 926 ait
862 857 1007 941 Tacitus,
1024 860 1103 947 plus
1122 861 1176 929 vis
1195 859 1318 929 haheat

188 995 291 1064 quam
325 973 515 1064 sanguinis.
549 999 566 1036 a
604 973 835 1051 Quintilianus
869 973 994 1042 latetur
1022 975 1074 1042 illi
1104 1003 1120 1037 «
1162 976 1315 1046 colorem

189 1090 368 1159 defuisse¹
394 1115 424 1157 4,
456 1089 554 1158 Caret
577 1089 680 1179 igitur
707 1088 772 1159 hae
804 1089 968 1171 ubertate,
995 1089 1060 1158 hac
1091 1091 1316 1180 amplitudine

190 1207 264 1274 sine
281 1225 347 1293 que
364 1224 434 1273 non
451 1210 504 1272 est
516 1224 596 1273 vera
615 1203 823 1293 eloquentia.

233 1317 437 1400 Quinimino
452 1318 609 1408 adjice¹«
627 1321 914 1409 compositionem
923 1329 1123 1410 asperamet
1139 1343 1215 1410 quae
1232 1324 1315 1392 vita·

188 1443 241 1504 ret
255 1435 538 1524 compositionem
555 1461 585 1502 ».
601 1435 730 1504 Oratori
744 1441 944 1534 autemnon
961 1437 1074 1504 solum
1088 1443 1140 1504 est
1155 1437 1239 1504 utile
1255 1437 1316 1506 sed

187 1552 437 1634 necessarium,
462 1556 499 1618 ut
519 1550 691 1618 Ciceronis
710 1549 825 1618 verbis
845 1556 936 1632 utar,
966 1577 982 1612 a
1002 1551 1159 1620 collocari
1186 1552 1316 1621 verha³

187 1675 246 1737 aut
273 1674 312 1736 ut
333 1667 422 1736 iuter
446 1687 484 1736 se
513 1659 617 1756 quam
642 1666 818 1756 aptissime
845 1665 1040 1734 cohaereant
1063 1673 1214 1736 extrema
1237 1655 1315 1736 curn

187 1783 321 1872 primis
335 1780 443 1870 eaque
462 1781 530 1850 sint
550 1801 654 1870 quam
669 1781 883 1850 suavissimis
898 1781 1058 1865 vocibus3
1077 1788 1135 1850 ant
1150 1791 1188 1850 ut
1206 1782 1316 1852 forma

186 1899 262 1989 ipsa
276 1898 561 1986 concinnitasque
569 1897 753 1965 verborum
764 1898 921 1965 conficiat
937 1897 1054 1966 orbam
1074 1919 1192 1984 snum3
1206 1906 1265 1966 aut
1279 1906 1316 1967 ut

186 2013 450 2103 comprehensio
466 2032 651 2081 numerose
671 2017 705 2082 et
718 2019 796 2102 apte
811 2012 909 2081 cadat
926 2040 955 2080 ».
974 2014 1063 2081 Hinc
1078 2013 1117 2080 fit
1131 2033 1316 2084 numerosa

187 2128 401 2214 orati03hinc
411 2128 469 2197 ille
480 2148 646 2196 numerus
658 2129 715 2216 qui
726 2127 940 2198 audientium
950 2148 1051 2198 aures
1068 2128 1224 2198 delectat.
1239 2131 1314 2197 Non

186 2251 268 2314 sunt
287 2264 367 2312 vere
397 2244 600 2332 eloquentes
614 2244 673 2332 qui
695 2243 836 2311 infracta
854 2250 887 2311 et
910 2251 1085 2333 amputata
1111 2245 1311 2333 loquuntur.

230 2360 278 2428 Ex
302 2359 356 2428 his
383 2365 523 2449 apparet
548 2360 673 2427 multas
701 2358 841 2448 quidem
866 2359 1009 2428 virtutes
1036 2360 1181 2428 orationi
1207 2361 1311 2430 Cassii

187 2476 301 2547 Severi
321 2475 439 2562 fuisse,
461 2473 522 2544 sed
543 2475 675 2563 copiam
696 2481 729 2542 et
748 2495 947 2560 nnmerum,
965 2474 998 2542 id
1024 2481 1076 2544 est
1095 2474 1181 2545 duas
1202 2483 1314 2566 partes

186 2593 390 2683 eloquentiae
406 2591 628 2673 necessarias
648 2589 809 2659 doluisse.

386 2882 445 2958 55.
463 2884 552 2954 Quae
574 2881 703 2940 (tassio
724 2881 861 2939 Severo
885 2879 1110 2951 placuerint.

230 3040 346 3119 Qualis
369 3045 459 3109 esset
483 3038 591 3107 Cassii
615 3037 731 3106 Severi
755 3036 961 3124 eloquentia,
989 3035 1058 3105 lere
1083 3056 1125 3104 ex
1151 3035 1207 3104 his
1232 3056 1308 3124 quae

185 3155 346 3224 laudabat
363 3155 524 3244 colligere
544 3173 740 3243 possemus.

229 3271 361 3341 Laudat
380 3271 472 3339 enim
493 3274 630 3359 argutas
653 3276 687 3336 et
711 3267 834 3336 breves
859 3267 1058 3350 sententias,
1079 3287 1157 3355 quae
1177 3273 1312 3336 mentes

184 3389 323 3478 capiunt
338 3393 372 3456 et
387 3413 404 3448 «
421 3386 498 3476 plus
514 3405 679 3454 sensuum
694 3405 797 3474 quam
813 3382 998 3452 verborum
1018 3381 1147 3451 hahent
1164 3409 1195 3449 u.
1212 3382 1310 3451 lllam
1343 3451 1346 3458 ,

182 3504 390 3574 sententiam
407 3501 495 3571 Varii
511 3501 644 3570 Gemini
659 3501 717 3589 qui
735 3499 877 3586 dixerat,
894 3499 1094 3568 Ciceronem
1109 3497 1312 3567 adhortatus

214 3748 237 3795 l.
254 3747 315 3796 llaec
331 3746 413 3796 verha
432 3767 441 3786 ι
458 3744 570 3806 sanguis
587 3766 596 3786 υ
615 3748 641 3794 et
659 3766 668 3785 a
685 3743 758 3794 color
780 3745 913 3794 »Tacitus
936 3748 963 3794 et
982 3743 1165 3804 Quintilianus
1181 3758 1211 3793 eo
1229 3744 1312 3793 modo

179 3818 335 3881 explanant.
356 3840 366 3860 ι
387 3817 489 3877 Oratio,
505 3817 575 3865 sicut
590 3829 688 3880 corpus
709 3815 835 3876 hominis,
854 3829 885 3866 ea
904 3816 1014 3866 demum
1029 3816 1143 3880 pulchra
1157 3820 1198 3865 est
1218 3815 1245 3863 in
1258 3829 1312 3878 qua

179 3903 236 3939 non
253 3891 376 3940 eminent
393 3902 468 3938 vcnae
489 3901 538 3938 nec
555 3901 617 3937 ossa
640 3891 827 3946 numerantur,
843 3887 890 3936 sed
911 3890 1077 3950 temperatus
1099 3899 1129 3935 ac
1144 3887 1231 3936 honus
1248 3900 1310 3935 sen·

87 3993 91 3998 -
179 3961 243 4023 guis
256 3960 352 4023 implet
368 3960 487 4010 membra
502 3962 528 4008 et
537 3957 659 4020 exsurgit
674 3957 739 4006 toris
755 3958 883 4021 ipsosque
899 3972 997 4008 nervos
1013 3959 1096 4007 rubor
1110 3957 1215 4018 tegitet
1230 3958 1312 4006 decor

177 4032 364 4084 commendat.
381 4053 391 4073 ι
408 4031 487 4094 (Tau.
501 4029 584 4090 hiat,
599 4029 649 4092 tl.)
664 4056 694 4064 -
712 4029 861 4078 «Lacertos
877 4029 1068 4079 exercitatione
1083 4029 1271 4090 constringere
1285 4032 1313 4077 et

177 4117 281 4166 ungero
300 4103 370 4153 vires
386 4107 413 4152 et
431 4104 549 4152 colorem
570 4102 688 4160 trahere,
704 4101 827 4150 naturale
847 4105 897 4150 est.
918 4122 927 4142 υ
950 4100 1058 4163 (Quinc,
1075 4101 1138 4149 last.
1155 4098 1240 4160 Orat,
1257 4098 1312 4158 llll,

179 4176 323 4306 mahil,
342 4245 427 4308 cont,
443 4244 486 4306 444,
500 4244 586 4307 prat,
602 4244 640 4294 44.
656 4270 688 4280 -
701 4245 723 4292 a.
743 4241 826 4300 crat,
843 4243 883 4291 44.
