3148 5042
675 537 835 600 ...51-

192 702 280 770 serio
301 698 581 789 respondendum
603 699 678 780 erit,
704 699 784 767 fiet?
802 699 890 767 Nam
911 720 1002 789 saepe
1027 721 1067 768 ee
1087 721 1163 788 quae
1187 701 1317 790 opinati

193 839 313 887 sumus
339 822 373 884 et
396 819 516 883 contra
536 835 613 904 quae
643 814 853 904 scripsimus,
884 815 1020 901 fallunt,
1047 836 1087 884 ac
1111 823 1181 885 tota
1203 815 1317 887 subito

192 953 293 1003 causa
318 937 479 1000 mutatur.
500 957 517 993 u
542 932 665 999 Nonne
690 931 745 1000 his
767 930 882 1000 verbis
904 931 1134 1011 Quintilianus
1160 940 1315 1001 nostrum

193 1055 362 1118 oratorem
377 1047 566 1137 approbare
586 1053 619 1116 et
637 1046 778 1117 laudare
792 1046 951 1118 videtur?

237 1166 319 1234 Haec
339 1171 455 1232 autem
483 1169 521 1231 ut
545 1163 592 1231 ita
630 1162 739 1231 dicam
770 1164 1046 1253 extemporalitas
1087 1166 1212 1234 oratori
1245 1165 1317 1233 cui-

193 1300 340 1370 cumque
359 1279 551 1368 periculosa
574 1277 694 1347 fuisset
715 1281 786 1368 qui,
808 1300 870 1347 suo
893 1280 1033 1367 ingenie
1057 1280 1166 1349 fretus
1186 1287 1220 1349 et
1240 1302 1320 1349 con-

193 1397 289 1476 lisus
312 1395 454 1463 omnine
477 1391 689 1462 cessavisset.
711 1391 777 1462 Sed
799 1392 988 1481 industrius
1007 1399 1219 1463 et·strenuus
1239 1395 1318 1463 Cas·

193 1512 265 1579 sius
286 1509 434 1588 babebat
463 1535 479 1571 n
503 1507 717 1598 diligentiam
736 1511 758 1590 ¹,
787 1508 976 1578 maximum
1005 1510 1108 1580 etiam
1139 1510 1320 1579 mediocris

193 1627 323 1716 ingenii
339 1623 543 1693 subsidium.
564 1625 667 1713 Magis
682 1624 779 1692 illum
790 1625 982 1713 suspiceres
998 1625 1091 1714 quod
1106 1624 1320 1715 diligentiam

194 1763 264 1810 nun
293 1724 520 1829 relinquebat,
548 1760 629 1808 cum
652 1740 703 1807 illi
726 1747 794 1809 tam
816 1740 905 1808 bene
929 1742 1105 1811 temeritas
1126 1741 1273 1810 cederet.
1302 1769 1318 1803 n

194 1861 272 1927 Haec
287 1863 358 1926 erat
377 1857 513 1925 dicendi
536 1857 677 1926 facultas
700 1863 738 1927 ut
757 1878 827 1925 une
847 1857 901 1926 die
923 1859 1041 1947 plures
1063 1879 1182 1927 causas
1205 1857 1320 1928 delen·

165 2010 169 2016 ·
193 1974 300 2043 deret.
325 2001 341 2036 «
364 1974 439 2042 Une
461 1972 540 2041 die²
559 1973 707 2062 privatas
727 1973 844 2062 plures
863 1976 985 2062 agebat
1003 1981 1037 2043 et
1057 1975 1103 2042 ita
1123 1980 1160 2042 ut
1179 1974 1318 2043 alteram

193 2096 271 2159 ante
298 2088 479 2158 meridiem
507 2095 633 2178 ageret,
660 2089 799 2158 alteram
829 2095 907 2178 post
927 2089 1123 2173 meridiem;
1148 2089 1320 2179 publicam

197 2226 278 2275 vero
299 2224 478 2292 nunquam
493 2205 654 2293 amplius,
672 2224 776 2293 quam
791 2225 895 2272 unam
917 2225 986 2273 uno
1002 2205 1067 2274 die.
1087 2233 1103 2268 »

238 2319 305 2388 Sed
317 2318 404 2386 illud
420 2320 595 2388 notatione
610 2318 756 2407 dignum
771 2339 846 2388 esse
862 2318 1018 2388 videtur:
1033 2321 1191 2408 quamvis
1207 2319 1320 2389 subita

192 2435 282 2504 felici
302 2435 492 2503 temeritate
515 2434 655 2519 diceret,
673 2435 959 2524 quamvisplures
981 2437 1154 2505 orationes
1175 2458 1244 2504 uno
1264 2435 1321 2504 die

192 2551 319 2620 babere
339 2556 467 2639 posset,
490 2550 661 2619 orationes
682 2571 762 2618 suas
783 2552 933 2619 maxima
958 2571 1039 2620 cura
1064 2551 1318 2621 meditabatur:

193 2668 263 2736 Hac
282 2688 319 2736 re
344 2687 482 2756 quoque
505 2673 660 2735 veterum
685 2672 859 2735 oratorum
883 2668 1041 2756 exempla
1061 2669 1268 2756 sequebatur
1287 2673 1321 2736 et

192 2783 321 2873 dignus
331 2782 453 2852 fuisset
467 2783 525 2871 qui
540 2783 781 2860 aQuintiliano
796 2782 1004 2852 laudaretur.
1020 2811 1036 2846 «
1048 2785 1322 2853 Necimmerit0³

192 2900 234 2966 M.
272 2899 403 2967 Tullius
437 2899 555 2967 stilum
594 2900 763 2988 optimum
800 2899 996 2968 effectorem
1038 2920 1077 2968 ac
1119 2900 1321 2989 magistrum

192 3013 331 3084 dicendi
351 3014 499 3083 vocavit.
518 3014 743 3084 Scribendum
763 3036 867 3103 quam
883 3014 1144 3104 diligentissime
1164 3023 1197 3084 et
1218 3035 1320 3104 quam

191 3131 397 3221 plurimum.
431 3130 527 3198 Sine·
547 3131 610 3198 bac
642 3131 861 3217 conscientia,
891 3132 965 3219 ipsa
1003 3131 1061 3199 illa
1093 3151 1135 3200 ex
1168 3138 1320 3219 tempore

193 3245 332 3316 dicendi
353 3246 495 3315 facultas
516 3245 656 3314 inanem
672 3245 776 3316 medo
791 3247 1034 3335 loquacitatem
1050 3245 1143 3314 dabit
1162 3253 1195 3315 et
1214 3251 1321 3316 verba

193 3365 229 3431 in
246 3362 351 3432 labris
368 3361 553 3430 nascentia.
575 3388 590 3424 »

239 3479 375 3547 Cassius
391 3479 548 3560 Severus,
567 3478 624 3566 qui
641 3478 761 3570 subitis
778 3484 846 3547 tam
862 3478 960 3547 facile
974 3498 1016 3548 ex
1033 3485 1188 3568 tempere
1203 3501 1321 3549 oecur-

193 3616 269 3664 rere
288 3595 465 3684 potuisset,
484 3614 554 3662 non
572 3595 685 3663 solum
704 3595 853 3664 maxime
868 3596 1061 3664 necessaria
1076 3601 1109 3664 et
1130 3596 1237 3679 initia,
1256 3593 1317 3664 sed

193 3711 266 3780 lere
279 3717 386 3779 totam
399 3711 589 3780 orationem
606 3710 785 3778 scribebat.
805 3739 821 3773 «
839 3712 918 3779 Sine
939 3711 1184 3779 commentario
1199 3712 1211 3746 Ι
1226 3731 1319 3778 nun·

195 3845 297 3916 quam
327 3825 411 3894 dixit
437 3845 502 3894 nec
526 3826 592 3894 boc
617 3827 863 3894 commentario
888 3832 1072 3895 contentus
1097 3833 1168 3895 erat
1190 3827 1226 3893 in
1252 3846 1320 3916 quo

195 3941 298 4010 nudae
332 3962 387 4011 res
419 3948 612 4043 ponuntur,
648 3939 710 4010 sed
738 3942 887 4009 maxima
919 3949 1015 4032 parte
1051 3941 1321 4032 perscribebatur

195 4058 295 4127 acilo.
322 4086 338 4120 u

226 4259 250 4306 l.
266 4256 335 4317 Suu,
354 4255 441 4317 Cant,
454 4255 498 4316 ΙΙΙ,
511 4255 597 4318 prael„
610 4253 634 4315 6,
649 4257 738 4304 1.-2.
751 4253 819 4314 sin,
833 4253 915 4312 Ceut„
933 4253 1019 4316 prat,
1033 4256 1057 4304 5.
1069 4281 1101 4290 -
1116 4254 1139 4304 3.
1153 4253 1217 4306 inst.
1235 4254 1320 4315 Orat„

195 4329 228 4390 X,
242 4329 266 4388 3,
282 4331 305 4390 l,
320 4329 343 4376 2.
359 4355 391 4364 -
405 4330 427 4378 l.
445 4327 513 4387 Seu,
527 4325 611 4388 Ceut,
626 4327 668 4387 ΙΙΙ,
681 4326 765 4392 prat,
782 4328 804 4376 6.
