3094 5062
761 517 920 580 ...14-

324 681 384 748 liae
399 679 569 748 inusitatae
588 666 699 768 poenaa
714 675 779 746 snb
792 677 945 768 Augusto
964 676 1115 746 inventae
1133 682 1224 746 sunt.

323 794 465 860 «Μαθὼν
481 792 549 861 ὅτι1
565 791 672 860 ὄιθλία
691 791 766 857 ἄττα
785 789 831 886 ἐρ’
846 788 936 883 θθρει
947 796 1041 858 τινῶν
1057 795 1285 888 συγγράφοιτο,
1304 794 1406 877 ζήτη-

276 937 326 978 σον
341 910 444 976 ἀυτῶν
457 908 636 989 ἐποιήσατο·
655 911 709 974 και
722 905 825 974 ἐκεῖνα
837 933 882 990 τε,
901 910 940 972 τὰ
956 909 1012 1000 μὲν
1028 905 1060 974 ἐν
1074 914 1112 999 τῇ
1128 907 1220 975 πόλει
1237 906 1406 1002 εὑρεθέντα

274 1028 349 1118 πρὸς
361 1031 424 1092 τῶν
439 1025 656 1117 ἀγορανόμων,
671 1027 710 1090 τὰ
722 1022 755 1089 ’δὲ
773 1019 831 1101 ἔξω
848 1025 923 1115 πρὸς
934 1028 996 1089 τῶν
1012 1023 1204 1118 ἑαασταχοθι
1218 1024 1400 1118 ἀρχόντων,

275 1136 453 1236 κατέφλεξε,
470 1143 524 1206 και
540 1145 603 1207 τῶν
618 1139 787 1206 συνθέντων
803 1138 881 1204 dur&
896 1137 1025 1204 ἐκόλασε
1039 1142 1136 1214 τινάς.
1167 1170 1183 1203 u

321 1260 403 1326 Haeo
417 1277 472 1326 res
486 1255 649 1346 agebatur
667 1276 758 1324 anno
778 1255 843 1327 763
859 1255 901 1323 ab
917 1255 1006 1324 Urbe
1021 1255 1171 1344 condita,
1188 1277 1280 1328 anno
1296 1260 1405 1350 igitur

276 1397 368 1446 nono
393 1381 470 1465 post
491 1373 675 1442 Christum.
699 1373 790 1458 Num
816 1371 880 1440 hou
903 1372 1120 1460 potissimum
1145 1393 1238 1442 anno
1262 1376 1404 1446 Cassius

276 1493 420 1561 Severus
443 1491 478 1557 in
505 1488 662 1558 exsilium
686 1487 856 1576 relegatus
880 1493 956 1556 est?
978 1489 1150 1556 Incertum
1170 1496 1233 1570 est,
1263 1495 1297 1558 et
1321 1511 1404 1580 per-

232 1619 235 1626 ’
277 1606 392 1694 magni
406 1606 585 1672 interesset
599 1603 665 1671 hoo
679 1623 748 1670 non
763 1603 931 1690 ignorare.
948 1604 1081 1672 Suimus
1095 1613 1210 1672 autem
1221 1605 1232 1640 ¹
1242 1599 1417 1680 Cassium

275 1721 438 1789 Severum
459 1737 550 1786 anuo
569 1718 611 1786 32
631 1723 708 1806 post
729 1717 900 1787 Christum
922 1745 939 1780 «
956 1719 1047 1786 XXV
1062 1720 1172 1787 exsilii
1193 1721 1246 1788 sui
1266 1740 1360 1790 anno
1379 1749 1398 1784 u

274 1842 449 1904 mortuum
464 1853 551 1902 esse.
567 1831 716 1924 Septimo
736 1831 839 1922 igitur
853 1851 945 1900 auno
958 1835 969 1868 ⁸
983 1840 1064 1923 post
1083 1834 1254 1903 Christum
1269 1837 1404 1925 ejectus

274 1955 365 2020 esset
378 1970 398 2018 e
412 1949 558 2019 civitate.
575 1948 687 2016 Nostri
702 1948 805 2036 igitur
820 1949 962 2017 oratoris
976 1948 1135 2018 exsilium
1155 1951 1246 2020 inter
1261 1936 1407 2021 sextum‘

274 2072 308 2134 et
322 2064 493 2133 decimum
512 2083 643 2132 annum
658 2063 824 2132 collocare
838 2083 1035 2151 possumus.

318 2182 365 2248 De
380 2179 500 2250 eadem
516 2179 580 2247 hau
591 2199 639 2263 re,
654 2186 805 2268 tempore
819 2185 933 2247 autem
944 2200 1015 2248 non
1031 2185 1166 2266 notato,
1178 2182 1227 2250 sic
1241 2183 1404 2252 'lenitus‘

273 2295 400 2364 scribit.
418 2295 570 2364 Tiberius
591 2322 605 2354 α
627 2295 739 2384 legem
758 2295 944 2383 majestatis
963 2294 1144 2365 reduxerat
1160 2321 1168 2384 3
1190 2298 1245 2366 oui
1266 2319 1402 2367 nomen

273 2411 364 2502 apud
378 2417 511 2480 veteres
527 2409 632 2491 idem,
653 2409 714 2480 sed
729 2411 795 2479 alia
813 2411 849 2478 in
861 2411 1028 2500 J'udioium
1043 2401 1229 2482 veniebant
1247 2436 1254 2482 :
1271 2413 1300 2480 si
1316 2415 1399 2503 quis

274 2526 466 2618 proditione
494 2527 680 2595 exereitum
712 2533 770 2594 aut
803 2526 941 2615 plebem
969 2527 1208 2613 seditionibus,
1246 2528 1401 2618 denique

273 2643 362 2711 male
377 2648 472 2732 gesta
485 2662 522 2710 re
537 2640 673 2731 publiea
688 2644 900 2731 majestatem
914 2643 1031 2732 populi
1047 2645 1182 2712 romani
1197 2644 1396 2716 minuisset.

272 2759 372 2827 Facta
394 2757 634 2846 arguebantur,
657 2757 747 2827 dieta
765 2759 906 2849 impune
929 2768 1035 2830 erant.
1064 2762 1199 2836 Primus
1218 2761 1400 2850 Augustus

273 2874 502 2962 cognitionem
523 2873 566 2943 de
579 2873 720 2943 famosis
732 2873 870 2961 libellis,
888 2876 1000 2965 specie
1016 2877 1101 2966 legis
1117 2879 1203 2966 ejus,
1221 2878 1394 2959 tractavit,

273 2993 465 3058 commotus
493 2989 597 3057 Cassii
633 2990 747 3058 Severi
781 2989 922 3060 libidine
953 3012 1020 3079 qua
1053 2992 1146 3060 viros
1175 2991 1395 3081 feminasque

270 3103 421 3172 illustres
444 3102 644 3192 procacibus
665 3105 798 3193 seriptis
823 3104 1066 3176 diffamaverat.
1091 3135 1107 3170 »
1134 3107 1195 3176 Tot
1219 3113 1253 3176 et
1280 3113 1395 3176 tantas

271 3219 417 3290 offensas
442 3221 623 3290 concitavit
649 3228 686 3290 ut
710 3223 830 3291 exsilio
861 3223 1026 3292 multatus
1052 3223 1106 3306 sit,
1132 3243 1202 3291 non
1226 3224 1394 3312 principis

271 3335 421 3422 arbitrio,
447 3336 508 3405 sed
530 3344 670 3406 senatus
694 3342 728 3405 et
750 3339 854 3427 jurati
875 3337 1016 3427 judicio.
1045 3363 1062 3401 «
1086 3337 1266 3407 Relatum¹5
1287 3343 1321 3407 et
1350 3337 1396 3407 de

271 3451 386 3519 Cassio
406 3451 530 3520 Severo
554 3453 671 3521 exsule
693 3453 751 3541 qui
772 3452 919 3521 sordida
939 3453 1093 3541 originis,
1114 3453 1279 3523 malefioae
1298 3455 1393 3540 vita,

271 3564 333 3634 sed
357 3566 477 3634 orandi
497 3566 644 3650 validus,
670 3588 730 3656 per
753 3568 954 3637 immodicas
977 3569 1186 3656 inimicitias,
1205 3577 1242 3638 ut
1264 3568 1396 3659 judicio

267 3682 371 3770 jurati
390 3688 528 3750 senatus
545 3683 678 3751 Cretam
693 3688 921 3769 amoveretur,
939 3686 1108 3754 effecerat.
1130 3711 1146 3747 »

316 3797 471 3886 Principe
493 3799 594 3887 igitur
616 3799 770 3888 Augusto
794 3800 954 3868 Romaiu
977 3801 1127 3869 insulam
1150 3801 1285 3871 Cretam
1308 3800 1395 3870 sub-

302 4035 324 4080 l.
340 4033 404 4081 Dron
421 4033 534 4092 Cassius,
550 4033 613 4094 LVl,
627 4035 666 4083 27.
682 4060 713 4068 —
727 4035 751 4083 2.
766 4031 1019 4093 H1enonruns,llus.
1037 4032 1132 4081 Chaon.
1149 4059 1180 4068 -
1195 4035 1218 4082 3.
1234 4033 1324 4082 Eooun
1338 4031 1394 4096 (op.

269 4103 322 4160 eit,
336 4117 364 4166 p.
379 4103 416 4166 68)
429 4107 504 4166 putat
518 4104 567 4153 has
582 4105 744 4168 quaestiones
757 4105 783 4153 in
800 4104 903 4154 libellos
919 4105 997 4166 paulo
1011 4103 1086 4166 prius
1101 4103 1209 4153 habitas
1226 4117 1293 4153 esse.
1305 4104 1396 4164 igitur

270 4175 340 4224 circa
357 4176 401 4223 ”158
420 4179 467 4224 aut
486 4177 530 4224 759
550 4175 672 4238 Severus,
687 4176 820 4226 Labienus
842 4176 914 4226 eirea
931 4176 985 4236 ⁵160,
1002 4175 1092 4225 nimiu
1116 4174 1250 4224 libertatis
1271 4173 1395 4224 damnali

268 4246 394 4294 luissent.
409 4274 440 4282 -
456 4249 479 4294 4.
496 4246 576 4308 Anu,
593 4247 613 4307 l,
629 4249 667 4296 ta.
682 4275 713 4284 —
728 4251 750 4297 5.
766 4247 838 4306 Tau,
854 4245 931 4307 Ana,
946 4247 989 4308 lV,
1005 4249 1044 4296 21.
1061 4273 1091 4282 -
1110 4245 1253 4296 Notatione
1275 4245 1395 4310 dignum

270 4320 311 4366 est
326 4317 446 4367 Cassium
463 4317 589 4367 Severum
606 4332 658 4367 non
674 4318 824 4380 aprinelpe
839 4317 887 4368 sed
899 4331 916 4368 a
930 4322 1024 4368 senatu
1041 4317 1136 4368 exsilio
1154 4316 1271 4366 multari.
