3094 5062
748 553 909 622 ..36-

267 748 284 785 u
312 708 566 788 Matrimonium
595 724 668 785 tum
696 724 900 807 perpetuum
926 725 978 787 est
1007 719 1035 788 si
1062 725 1182 788 mutua
1208 719 1388 794 voluntate

262 836 429 928 Jungitur.
452 835 536 902 Cum
561 853 643 922 ergo
666 839 837 921 quaeratur
856 833 941 901 mihi
966 855 1065 920 uxor,
1091 836 1182 904 socia
1204 837 1283 922 tori,
1307 837 1389 908 vitae'

264 973 417 1034 consors,
437 952 472 1017 in
493 969 595 1019 omne
614 950 781 1017 saeculum
802 949 886 1017 mihi
906 949 1065 1039 eligenda
1082 960 1135 1020 est
1148 953 1171 1021 ¹.
1190 979 1207 1015 »
1229 955 1293 1031 Qui
1315 975 1388 1023 non

261 1075 391 1138 temere
409 1067 561 1156 puellam
581 1085 699 1134 secum
718 1063 908 1155 conjungit.
932 1092 950 1128 «
971 1067 1010 1133 ln
1029 1066 1148 1136 eadem
1172 1067 1276 1138 domo
1300 1069 1388 1140 edu-

262 1185 326 1255 cati
364 1204 483 1253 sumus
511 1207 519 1250 :
551 1183 633 1251 novi
672 1202 802 1267 morem
838 1181 946 1271 probo
983 1183 1243 1269 verecundiam,
1277 1186 1387 1274 probo

261 1321 371 1392 genus
389 1303 413 1368 ¹.
435 1327 452 1364 u
473 1299 563 1368 Audi
587 1298 681 1367 huno
705 1298 981 1367 declamatorem.
1007 1325 1025 1361 «
1047 1298 1269 1370 Matrimoniis
1293 1302 1388 1372 scitis

261 1417 428 1488 contineri
453 1416 655 1486 civitatem:
683 1414 738 1482 his
765 1413 924 1504 populos,
951 1414 1006 1483 his
1032 1415 1159 1485 liberos
1188 1422 1222 1485 et
1249 1438 1388 1487 succes-

260 1533 395 1602 sionem
409 1531 694 1622 patrimoniorum
713 1535 748 1598 et
765 1528 910 1620 gradum
928 1524 1169 1616 hereditatum,
1186 1531 1241 1600 his
1255 1534 1386 1602 securi-

260 1653 366 1717 tatem
385 1647 607 1717 domesticam
622 1648 645 1714 ³.
665 1646 784 1717 »Vide
801 1645 975 1735 quomodo
993 1653 1157 1715 matrone
1176 1644 1388 1719 lineamenta

260 1761 485 1834 deducantur.
511 1789 528 1826 u
548 1764 700 1831 Matrona
718 1763 731 1798 ⁸
749 1783 827 1852 quae
847 1767 920 1830 tuta
941 1782 1017 1831 esse
1037 1761 1202 1832 adversus
1221 1761 1387 1834 sollicita-

259 1881 344 1950 toris
367 1879 540 1948 lasciviam
559 1878 664 1963 volet,
680 1876 824 1968 prodeat
840 1877 877 1944 in
897 1884 1032 1947 tantum
1052 1886 1172 1947 ornata
1190 1886 1318 1968 quanto
1340 1900 1386 1950 ne

260 1993 439 2064 immunda
453 1995 512 2078 sit;
530 1993 654 2062 habeat
673 1993 816 2062 comites
835 1994 911 2083 ejus
931 1993 1042 2062 aetatis
1055 1995 1112 2082 qui
1133 1991 1338 2084 impudicos
1355 1996 1386 2064 si

257 2109 345 2180 nihil
363 2110 470 2196 aliud,
495 2109 704 2179 verecundia
727 2128 899 2177 annorum
925 2128 1102 2179 removere
1126 2110 1275 2198 possint;
1298 2111 1388 2179 ferat

254 2228 407 2318 jacentes
421 2227 456 2295 in
473 2233 596 2296 terram
616 2219 751 2310 oculos3
769 2223 934 2295 adversus
950 2225 1142 2294 officiosum
1162 2227 1384 2295 salutatorem

257 2343 447 2412 inhumana
470 2343 584 2432 potius
607 2362 711 2431 quam
731 2340 965 2411 inverecunda
989 2341 1050 2425 sit;
1077 2341 1179 2410 etiam
1201 2341 1385 2411 in'neces-

257 2458 345 2528 saria
358 2456 568 2528 resalutandi
584 2459 658 2526 uice
673 2458 783 2526 multo
801 2455 924 2525 rubore
940 2456 1095 2546 confusa2
1111 2457 1159 2525 sic
1173 2477 1211 2526 se
1230 2458 1266 2524 in
1286 2457 1385 2528 vere·'

257 2573 419 2644 cundiam
442 2574 598 2664 pignoret
624 2578 662 2640 ut
685 2574 788 2663 longe
812 2577 892 2641 ante
919 2571 1166 2662 impudicitiam
1194 2579 1297 2662 neget
1324 2595 1386 2644 ore

256 2711 359 2781 quam
382 2693 501 2760 verbo.
524 2690 564 2757 ln
589 2689 653 2756 hac
677 2689 853 2758 servandae
879 2688 1080 2778 integritatis
1105 2688 1261 2758 custodia
1285 2692 1385 2760 nulla

257 2805 363 2875 libido
378 2806 555 2895 irrumpet.
574 2831 590 2867 »
608 2844 652 2856 -
666 2832 683 2868 «
702 2805 798 2873 Unus
815 2804 987 2894 pudicitiae
1007 2805 1137 2873 fructus
1154 2810 1206 2873 est
1220 2805 1382 2895 pudicam

258 2922 349 2993 credi
374 2928 409 2993 et
431 2921 595 2992 adversus
620 2941 741 2990 omnes
767 2920 956 2990 inlecebras
980 2927 1083 3010 atque
1107 2923 1223 2990 omnia
1246 2922 1383 2992 deleni-

257 3044 376 3108 menta
394 3037 570 3106 muliebris
590 3037 720 3126 ingenii
739 3043 791 3105 est
810 3037 918 3106 veluti
938 3038 1049 3106 solum
1070 3038 1327 3107 firmamentum
1344 3040 1380 3109 in

253 3154 385 3223 nullam
400 3152 561 3223 incidisse
580 3153 763 3221 fabulam⁸.
783 3179 799 3214 »

298 3273 415 3360 ltaque
435 3270 644 3339 adulterium
664 3272 699 3337 et
717 3267 893 3338 adulteros
911 3269 1060 3337 maxima
1077 3268 1112 3337 vi
1134 3269 1381 3341 declamatores

253 3388 443 3472 incessunt,
464 3386 522 3476 qui
542 3405 634 3475 saepe
654 3384 716 3453 has
737 3384 824 3453 duas
843 3385 1002 3452 materias
1021 3384 1209 3474 disputant.
1233 3411 1249 3447 «
1269 3385 1380 3455 Adul-

251 3509 363 3572 terum
393 3522 470 3570 cum
500 3501 653 3570 adultera
682 3500 739 3588 qui
771 3499 1047 3590 deprehenderit,
1077 3499 1161 3569 dum
1192 3508 1379 3591 utrumque

252 3637 376 3706 corpus
390 3616 582 3702 interliciat,
600 3617 675 3685 siue
695 3615 813 3684 fraude
832 3616 887 3684 sit.
909 3643 925 3679 »
942 3655 986 3667 —
1003 3644 1019 3679 α
1035 3617 1170 3686 Incesta
1189 3637 1270 3686 saxo
1289 3617 1380 3706 deji-

252 3735 371 3805 ciatur.
395 3762 412 3797 »
433 3733 697 3818 Verecundiam,
723 3754 799 3823 quae
820 3738 1009 3802 matronam
1039 3733 1148 3821 decet,
1174 3736 1376 3815 castitatem,

251 3873 328 3942 quac
356 3852 521 3942 puellam,
546 3871 617 3919 non
646 3853 751 3919 semel
782 3870 822 3919 ex
850 3851 965 3919 animo
995 3851 1172 3940 probant:
1199 3872 1268 3920 non
1295 3871 1378 3920 vero

250 3964 484 4054 voluptatem,
523 3961 584 4032 sed
621 3962 811 4052 pudorem,
846 3963 1111 4050 verecundiam,
1146 3964 1378 4054 virginitatem

251 4099 440 4169 omnesque
463 4078 696 4148 sanctissimas
720 4080 865 4150 virtutes
888 4080 924 4147 in
947 4080 1057 4170 prima
1076 4079 1378 4150 commendatione

285 4271 307 4317 l.
322 4264 426 4329 Qumr„
442 4280 467 4329 p.
484 4268 538 4317 lli.
556 4295 588 4304 —
604 4267 628 4318 2.
644 4268 680 4316 ln.
699 4294 731 4304 —
748 4269 771 4317 3.
791 4267 839 4329 lm,
855 4281 882 4330 p.
902 4270 941 4317 24.
956 4294 987 4304 -
1007 4270 1030 4317 l.
1051 4267 1118 4325 Sam,
1136 4269 1270 4329 Controu,
1284 4267 1316 4330 ll,
1335 4269 1378 4330 15,

255 4353 282 4402 p.
298 4339 351 4388 l'll.
363 4365 395 4374 -
408 4339 431 4387 5.
448 4337 517 4400 Sura,
529 4336 602 4399 itia,
615 4352 641 4402 p.
656 4340 709 4388 lle.
999 4391 1002 4396 ,
1180 4365 1183 4370 -
1230 4379 1233 4386 .
