3148 5042
513 1429 515 1436 ⁴
548 1436 704 1512 uAPUT
735 1438 967 1526 QUINTUM.

379 1743 500 1792 cassius
522 1744 652 1792 SEVERUS
672 1745 729 1792 NON
750 1746 843 1794 BONUS
864 1746 1049 1794 occumbit
1066 1749 1142 1795 tull.

244 2013 352 2088 Quam
367 2009 514 2079 libenter
529 2009 645 2079 rhetor
660 2011 788 2079 Seneca
803 2009 847 2079 de
864 2010 978 2078 Cassio
998 2009 1122 2079 Severo
1138 2009 1322 2098 scripserit,

198 2123 360 2195 vidimus.
380 2127 447 2195 Cur
469 2131 584 2196 autem
609 2133 679 2195 tam
700 2126 892 2216 magnificis
916 2125 1030 2195 verbis
1051 2125 1149 2193 illum
1173 2125 1324 2194 extollit?

198 2243 273 2311 Non
295 2239 434 2330 quidem
453 2247 492 2310 ut
513 2249 683 2311 oratorem
703 2242 834 2311 meritis
855 2240 1015 2310 laudibus
1035 2247 1145 2327 ornet,
1167 2239 1227 2310 sed
1247 2246 1324 2309 tan-

198 2357 378 2427 tummodo
394 2364 432 2426 ut
446 2357 588 2427 miretur
606 2357 711 2426 talem
732 2363 914 2443 oratorem,
931 2362 982 2426 tot
999 2357 1185 2426 virtutibus
1201 2377 1324 2426 cumu-

197 2474 317 2556 latum,
341 2472 405 2541 sibi
426 2472 594 2562 imparem
612 2472 718 2542 fuisse
737 2493 815 2541 cum
836 2472 1053 2542 declamaret.
1071 2473 1152 2552 Quae
1174 2492 1230 2541 res
1249 2473 1323 2541 sola

198 2589 344 2658 rhetoris
361 2589 519 2656 animum
539 2593 734 2657 commovet
752 2595 786 2658 et
805 2587 997 2657 confundit.
1020 2589 1074 2657 Sic
1093 2589 1188 2658 enim
1207 2587 1324 2658 scribit

198 2704 366 2794 principio
393 2704 550 2794 prooemii
584 2703 678 2794 quod
709 2703 796 2773 libro
820 2705 919 2773 tertio
943 2704 1050 2773 anteit
1076 2729 1083 2771 :
1108 2731 1124 2765 κ
1151 2702 1323 2783 Quosdam

196 2819 441 2889 disertissimos
468 2821 594 2909 agnovi
621 2819 715 2889 viros
744 2839 816 2888 non
846 2819 1094 2909 respondentes
1124 2818 1225 2887 fama
1254 2838 1324 2886 suae

196 2956 275 3004 cum
307 2933 552 3018 declamarent,
581 2937 617 3003 in
645 2935 720 3004 foro
745 2934 893 3004 maxima
918 2935 1074 3003 omnium
1097 2934 1324 3003 admiratione

183 3049 364 3132 dicentes
386 3052 490 3120 simul
509 3050 553 3119 ad
574 3051 637 3120 bas
659 3049 865 3120 domesticas
890 3051 1148 3121 exercitationes
1173 3069 1323 3119 secesse-

197 3174 275 3236 rant
285 3167 440 3236 desertos
455 3163 496 3234 ab
511 3167 651 3258 ingenio
667 3187 742 3236 suo.
759 3166 855 3246 Quod
870 3165 1022 3236 accidere
1037 3166 1211 3256 plerisque
1226 3185 1323 3252 aeque
1343 3220 1347 3228 .

196 3282 283 3352 mihi
297 3283 423 3352 mirum
443 3304 547 3374 quam
566 3289 698 3352 eertum
718 3288 782 3352 est.
799 3282 938 3352 Memini
958 3282 1071 3370 itaque
1090 3303 1146 3350 me
1161 3302 1181 3350 a
1197 3261 1322 3350 Severo

195 3400 312 3468 Cassio
334 3419 485 3488 quaerere
505 3399 618 3468 curin
638 3398 946 3468 declamationibus
967 3397 1163 3487 eloquentia
1187 3397 1238 3464 illi
1260 3415 1322 3464 sua

195 3536 267 3585 non
287 3513 522 3606 responderet.
539 3515 579 3583 Iu
594 3515 691 3583 nullo
707 3515 800 3584 enim
815 3514 881 3583 hoc
899 3513 1002 3584 fiebat
1020 3512 1216 3582 notabilius.
1237 3539 1254 3574 »

240 3631 324 3700 Haec
357 3639 411 3701 est
438 3650 540 3700 causa
572 3652 634 3700 cur
661 3630 703 3699 de
731 3629 927 3720 eloquentia
955 3628 1059 3698 (tassii
1095 3628 1210 3698 Severi
1240 3625 1321 3696 satis

193 3745 333 3816 abunde
348 3745 503 3816 disserat.
520 3733 651 3816 Deinde
670 3766 711 3815 ex
731 3746 787 3816 his
806 3766 882 3836 quae
902 3744 1098 3834 explanavit
1113 3744 1162 3812 sic
1176 3743 1318 3831 colligit.

195 3892 213 3926 «
241 3863 391 3932 Omnia¹
416 3883 498 3950 erpo
524 3861 671 3931 habebat
699 3883 776 3952 quae
804 3861 904 3929 illum
931 3866 969 3929 ut
995 3859 1084 3929 bene
1110 3858 1320 3928 declamaret

192 3982 416 4049 instruerent.
440 3983 570 4048 Tamen
589 3998 660 4047 non
681 3984 814 4048 tantum
832 3977 920 4046 infra
939 3996 976 4046 se
997 3997 1076 4046 cum
1097 3975 1317 4059 declamaret,

193 4094 257 4165 sed
272 4094 359 4164 inira
379 4094 507 4162 multos
524 4100 607 4163 erat.
627 4120 643 4156 »

227 4327 249 4374 l.
264 4323 352 4386 Ceut,
368 4321 415 4384 lll,
431 4322 519 4386 praei.,
536 4324 559 4371 l.

291 4520 397 4533 uum
