3148 5042
673 511 833 578 ..67-

185 675 327 766 phrasin
354 695 426 744 non
453 675 632 764 vulgarem
660 695 724 744 nec
748 673 935 758 sordidam,
973 674 1035 745 sed
1063 675 1203 764 leotam;
1232 675 1310 745 dili·

185 793 337 883 gentiam
358 818 389 860 a.

231 909 355 976 Calvus
376 933 394 970 «
410 926 531 976 verum
546 908 749 996 sanguinem
766 906 973 997 deperdebat
989 933 1026 996 »3

231 1019 366 1093 Cassius
384 1051 400 1086 a
418 1024 495 1114 plus
509 1023 562 1092 vis
576 1043 680 1113 quam
696 1024 872 1112 sanguinis
887 1023 1034 1094 hahebat
1050 1051 1081 1091 ».

231 1140 334 1210 Calvo
352 1167 368 1202 a
390 1145 506 1208 sancta
520 1146 554 1209 et
569 1140 682 1228 gravis
697 1140 803 1208 oratio
821 1166 837 1202 »
847 1165 860 1224 Ἰ;

211 1253 214 1259 ’
234 1255 349 1324 Cassio
366 1281 382 1317 a
404 1254 558 1322 censoria
572 1254 682 1331 oratio
698 1280 729 1321 ».

237 1370 534 1451 Quemadmodum
573 1371 689 1439 Cassio
727 1368 850 1439 ardens
887 1377 921 1439 et
956 1371 1162 1441 concitatum
1200 1393 1310 1464 genus

189 1487 327 1558 dicendi
342 1493 424 1568 erat,
446 1487 492 1555 ita
511 1486 604 1554 Calvi
622 1513 638 1550 a
654 1486 844 1556 vehemens
858 1488 966 1556 oratio
983 1514 1013 1558 »,.

232 1600 531 1682 Quemadmodum
546 1601 682 1670 Cassius
701 1602 799 1690 quasi
819 1602 953 1672 rabiosa
971 1604 1168 1692 eloquentia
1181 1606 1311 1694 Aspre-

185 1725 302 1789 natem
317 1717 493 1787 insecutus
512 1722 575 1803 est,
592 1718 638 1784 ita
653 1716 776 1784 Calvus
796 1718 945 1786 maxima
961 1718 995 1786 vi
1016 1719 1190 1789 Vatinium
1205 1741 1314 1792 reum

184 1834 264 1904 lecit
279 1841 399 1924 terqua
418 1832 600 1902 accusavit.

329 2013 388 2070 Risi
401 2015 410 2050 ¹
426 2013 623 2083 nescioquem
639 2010 728 2067 modo
743 2009 773 2065 in
788 2025 898 2067 corona

330 2094 384 2160 Qui
399 2109 467 2149 curn
482 2092 604 2148 mirilico
617 2090 772 2148 Vatiniana

329 2177 407 2230 lleus
422 2173 545 2228 crimina
560 2172 662 2228 Calvus
677 2171 861 2244 explicasset,

330 2253 485 2309 Admirans
500 2251 541 2308 ait
555 2252 617 2306 haec
632 2266 793 2322 manusque
804 2250 907 2307 tollens
922 2267 929 2306 τ

331 2334 364 2389 Di
376 2333 487 2406 magni,
501 2331 680 2405 salaputium
692 2330 850 2387 disertum!

234 2524 250 2560 a
276 2495 394 2584 Usque
414 2514 455 2564 eo
474 2495 485 2528 ¹
503 2493 677 2562 violentus
704 2498 880 2562 accusator
905 2499 938 2562 ct
957 2494 1144 2564 concitatus
1172 2496 1247 2581 luit,
1271 2506 1310 2568 ut

184 2616 223 2682 in
239 2610 353 2700 media
366 2612 443 2699 ejus
456 2610 590 2680 actione
604 2614 758 2698 surgeret
768 2609 923 2678 Vatinius
940 2629 1019 2680 reus
1033 2617 1068 2679 et
1086 2612 1306 2683 exclamaret!

183 2734 281 2816 Rapo
309 2744 378 2809 cor,
406 2726 560 2812 jndicec,
592 2744 692 2807 aum,
718 2726 752 2792 ai
778 2726 841 2793 iste
872 2725 1023 2794 desertas
1052 2735 1112 2809 est,
1146 2728 1222 2797 ideo
1253 2748 1308 2798 me

183 2844 354 2914 damnari
366 2845 522 2930 oportet?
536 2839 672 2910 Solebat
690 2846 855 2930 praterea
875 2840 1041 2910 excedere
1062 2841 1225 2912 subsellia
1247 2864 1312 2913 sua

182 2965 220 3030 et
240 2961 372 3049 impetu
391 2959 481 3026 latus
503 2977 612 3045 usque
632 2957 667 3026 in
692 2954 965 3026 adversariorum
984 2962 1115 3046 partem
1134 2963 1309 3029 transcur-

181 3095 273 3146 rere.
296 3073 505 3162 Compositio
524 3092 662 3161 quoque
681 3072 756 3160 ejus
776 3072 812 3138 in
831 3071 1022 3142 actionibus
1040 3073 1083 3141 ad
1107 3076 1304 3164 exemplum

182 3189 427 3260 Demosthenis
447 3189 533 3277 riget
554 3211 563 3255 ε
586 3187 672 3255 nihil
691 3188 728 3254 in
747 3187 806 3258 illa
826 3186 1010 3275 placidum,
1033 3188 1120 3257 nihil
1141 3190 1220 3258 lene
1238 3200 1302 3275 est,

182 3305 302 3376 omnia
324 3305 469 3374 excitata
483 3288 518 3372 et'
531 3303 741 3372 fluctuantia.
760 3329 777 3365 »

231 3422 318 3489 Raro
342 3420 400 3488 ille
420 3419 577 3504 mitescit,
596 3439 699 3507 quem
719 3418 909 3507 saepissime
930 3422 1162 3489 accusatorem
1183 3441 1310 3504 omnes

181 3535 552 3606 miranturettiment.
948 3559 950 3563 ·

233 3679 250 3715 «
272 3652 335 3720 Hic
358 3659 474 3720 tamen
502 3651 539 3718 in
560 3649 695 3738 epilogo
722 3668 825 3737 quem
855 3670 917 3738 pro
944 3650 1066 3720 Messio
1096 3659 1179 3720 tunc
1209 3653 1307 3721 tertio

179 3787 322 3844 causam
342 3767 476 3836 dicente
499 3765 630 3848 hahuit,
656 3785 726 3834 non
750 3770 880 3833 tantum
904 3766 1028 3835 leniter
1051 3767 1227 3855 componit
1246 3765 1306 3836 sed

178 3883 284 3954 etiam
308 3882 423 3951 dicit:
450 3909 466 3946 a
493 3882 630 3952 credite
657 3882 758 3961 madi,
788 3899 860 3949 non
880 3891 933 3950 ert
960 3888 1061 3970 turpe
1086 3883 1257 3950 misereri.
1290 3907 1308 3943 o¹

177 3999 305 4069 Omnia
329 3999 365 4066 in
389 3998 449 4066 illo
469 3996 604 4087 epilogo
623 3997 694 4066 fere
714 4015 784 4065 non
804 4002 938 4065 tantum
959 3997 1121 4066 emollitae
1135 3997 1305 4086 composi-

177 4113 287 4184 tionis
303 4118 397 4196 sunt,
415 4114 477 4182 sed
492 4111 658 4180 infractae.
683 4138 699 4173 a

216 4301 238 4349 l.
250 4298 322 4361 Cam,
337 4296 433 4355 Corm„
450 4296 489 4345 53.
504 4322 536 4333 -
549 4296 572 4344 2.
589 4294 660 4356 San,
677 4293 763 4356 Cant,
777 4291 831 4355 Vll,
846 4294 883 4352 te,
899 4295 952 4344 ot.
