3094 5062
647 547 807 611 419..

161 721 264 802 atque
284 713 326 782 ad
350 713 444 800 leges
464 709 667 780 sanciendas
689 709 838 778 maxima
862 707 1027 798 potestate
1050 711 1196 792 valebat,
1217 711 1287 799 jam

162 829 281 896 nullus
300 837 384 896 erat.
407 825 591 916 Imperium
621 830 761 893 senatus
785 824 934 905 tenebat,
961 825 1016 893 vel
1038 827 1151 913 potius
1173 807 1288 894 tenere

164 944 355 1030 videbatur,
369 945 494 1034 quippe
509 947 667 1011 senatum
683 942 841 1030 princeps
857 942 892 1007 in
908 963 1013 1008 manu
1031 941 1189 1010 habebat.
1212 943 1287 1010 Mox

162 1081 182 1128 a
197 1059 338 1131 Tiberio.
353 1088 368 1122 «
387 1081 406 1129 e
421 1079 542 1147 campo
558 1057 694 1132 comitia
713 1056 755 1124 ad
773 1063 884 1145 patres
899 1058 1062 1125 translatu
1083 1065 1164 1126 sunt
1181 1085 1212 1124 ».

209 1183 316 1259 Quam
355 1179 550 1248 vehementi
589 1177 757 1246 desiderio
791 1177 841 1243 illi
879 1177 996 1270 diserti
1034 1176 1285 1262 affligebantur,

162 1297 287 1386 quibus
307 1313 378 1363 non
398 1296 445 1363 rei
465 1295 617 1383 publicae¹
634 1292 865 1382 gubernacula
884 1298 1039 1374 tractare,
1058 1293 1117 1360 sed
1142 1299 1286 1360 tantum·

162 1411 267 1480 modo
290 1432 408 1479 causas
433 1411 708 1490 centumvitales,
731 1428 774 1476 ne
799 1409 835 1475 in
856 1407 928 1476 foro
954 1407 1107 1498 quidem,
1132 1411 1168 1475 in
1194 1408 1288 1475 audi·

162 1528 259 1596 toriis
279 1535 396 1622 xautem
421 1533 454 1594 et
476 1525 662 1610 tabulariis,
691 1545 791 1612 agere
814 1523 955 1592 licebat!
980 1525 1056 1593 Non
1082 1532 1134 1592 est
1162 1526 1288 1593 mirum

162 1645 267 1733 hujus
281 1643 389 1710 aetatis
405 1647 566 1724 oratores
581 1642 638 1729 qui
654 1641 800 1728 negotiis
815 1640 974 1728 gerendis
988 1642 1096 1710 orbati
1112 1641 1285 1724 vivebant,

161 1759 303 1847 antiqua
317 1758 472 1826 libertate
489 1757 640 1824 doluisse
655 1755 799 1844 perdita.

208 1874 279 1960 Sed
299 1894 367 1962 quo
394 1875 563 1966 minorem
587 1860 791 1960 eloquentiae
816 1872 991 1940 materiam
1018 1880 1169 1942 oratores
1192 1875 1287 1942 inve·

161 1991 314 2071 mebant,
337 2010 376 2058 eo
395 1989 512 2078 plures
536 1989 690 2056 rhetores
714 1988 887 2076 vigebant,
911 2009 950 2056 eo
972 1988 1222 2076 frequentiores
1246 1990 1288 2058 ad

160 2107 264 2177 ludos
277 2104 438 2195 discipulis
457 2105 652 2174 veniebant.
1226 2197 1227 2200 Ἴ

209 2223 445 2311 Superioribus
478 2209 710 2308 temporibus,
746 2240 822 2286 cunr
855 2219 1085 2287 eminentium
1113 2227 1287 2288 oratorum

161 2338 312 2427 ingeniis
341 2338 448 2404 Roma
473 2337 621 2419 floreret,
651 2335 805 2403 rhetores
834 2337 1065 2425 simulatque
1092 2336 1288 2425 philosophi

161 2477 205 2524 ex
230 2453 314 2520 urbe
337 2452 471 2548 expulsi
495 2459 602 2520 erant.
636 2452 767 2534 Postea,
796 2471 938 2519 censore
960 2447 1098 2536 Crasse,
1128 2453 1186 2540 qui
1211 2460 1295 2520 ante

161 2569 337 2637 Ciceronis
352 2565 513 2656 'tempora
536 2567 679 2635 fortasse
708 2566 983 2635 absolutissimus
1012 2574 1125 2635 orator
1145 2569 1285 2654 exstitit,

161 2688 199 2753 in
224 2685 348 2752 latinos
367 2684 521 2752 rhetores
540 2703 671 2752 novum
691 2691 831 2751 senatus
851 2685 1048 2752 consultum
1072 2684 1199 2752 factum
1223 2690 1285 2753 est.

161 2801 224 2868 His
245 2807 360 2867 tamen
380 2799 689 2867 senatusconsultis
708 2799 808 2887 prisci
828 2799 934 2867 moris
955 2798 1153 2868 defensores
1172 2797 1287 2867 Romae
1345 2797 1347 2801 ’

161 2917 265 2984 ludos
300 2915 551 2984 increbrescere
587 2924 621 2984 et
653 2916 807 2985 rhetores
838 2915 960 2985 florere
993 2937 1063 2983 non
1102 2915 1286 3005 prohibue-

160 3038 256 3101 runt.

208 3147 310 3215 Bellis
331 3145 487 3214 civilibus
503 3147 633 3235 positis,
649 3146 692 3213 ad
708 3168 828 3215 omnes
843 3154 950 3234 arteS,
968 3148 1137 3238 praecipue
1157 3147 1200 3214 ad
1215 3149 1287 3214 elo-

159 3263 338 3352 quentiam
373 3263 522 3330 maximo
551 3264 681 3351 impetu
716 3269 821 3330 ruunt
854 3264 999 3330 Romani
1034 3263 1104 3350 qui,
1148 3262 1284 3330 tandem

161 3379 277 3467 quieta
292 3398 328 3445 re
347 3377 495 3466 publica,
514 3378 603 3445 hano
622 3379 781 3447 eximiam
801 3399 886 3463 rem,
904 3399 972 3468 qua
992 3399 1102 3466 nuper
1117 3384 1150 3446 et
1171 3379 1285 3448 Cicero

158 3499 194 3563 et
223 3494 347 3562 Calvus
378 3501 411 3562 et
434 3495 544 3562 Caesar
565 3516 725 3583 magnam
748 3494 885 3564 laudem
905 3495 1017 3584 adepti
1033 3505 1150 3580 erant,
1175 3497 1286 3564 colere

157 3609 337 3693 festinant,
351 3608 415 3678 'sed
431 3611 565 3678 nullum
581 3611 695 3679 locum
710 3632 786 3680 esse
806 3611 933 3679 lorensi
948 3611 1167 3700 eloquentia,
1184 3631 1284 3680 verso

156 3725 307 3794 civitatis
327 3731 429 3808 statu,
447 3726 591 3794 fortasse
606 3727 869 3795 obliviscuntur.

204 3840 292 3918 Quid
314 3841 406 3908 enim
427 3842 520 3932 aliud
542 3844 740 3932 petivissent
760 3843 998 3912 adulescentes
1021 3845 1175 3930 ingenui,
1192 3843 1284 3930 quia

152 3956 260 4025 bellis
288 3945 322 4025 et
349 3977 368 4025 a
400 3959 470 4026 vita
502 3961 626 4028 ru'stica
658 3955 905 4044 abhorrebant,
931 3960 1134 4028 memoriam
1168 3967 1283 4027 autem

152 4072 399 4141 Demosthenis
424 4079 457 4142 et
476 4075 647 4142 Ciceronis
669 4075 872 4156 retinebant,
898 4083 931 4144 et
950 4076 1008 4164 qui
1034 4076 1128 4143 omni
1151 4074 1306 4143 liberali

152 4188 353 4276 disciplina,
366 4190 539 4279 latineque
555 4195 588 4258 et
603 4212 724 4279 graeca,
736 4191 942 4280 politissimi,
958 4193 1045 4259 nihil
1062 4192 1127 4260 nisi
1144 4192 1281 4260 illorum

150 4310 334 4373 oratorum
358 4303 517 4393 gloriam,
539 4307 596 4393 qui
621 4327 693 4374 rem
715 4307 886 4395 publicam
905 4307 1284 4377 administraverant-et
