3094 5062
659 504 819 568 ..21-

178 675 213 738 61
248 666 416 737 adversus
453 666 673 735 Octavianum
706 675 964 756 pugnaverant,
995 669 1155 741 laudibus
1193 676 1301 744 extol-

179 787 263 856 lere.

228 931 244 966 «
264 902 383 970 Varius
398 899 562 969 Geminus
578 898 777 967 adhortatus
793 905 846 968 est
859 899 957 968 illum
972 901 1016 968 ad
1031 902 1159 992 lugam.

230 1047 246 1081 «
265 1019 337 1085 lllic
348 1037 428 1089 esse
442 1017 485 1084 M.
499 1018 654 1094 Brutum,
667 1015 738 1083 illic
752 1015 787 1082 C.
799 1015 963 1100 Cassium,
982 1017 1052 1085 illic
1066 1019 1220 1106 Sextum,
1232 1022 1303 1092 illic

180 1135 321 1202 Sextum
348 1131 560 1219 Pompeium.
578 1129 664 1207 Ouid
689 1129 909 1199 deficiemus?
933 1138 966 1200 et
988 1153 1042 1201 166
1064 1135 1199 1223 publica
1220 1158 1302 1206 suos

178 1249 375 1318 triumviros
390 1245 503 1315 babet.
522 1274 539 1308 u

224 1367 313 1444 Quot
331 1365 405 1432 aliae
424 1363 599 1442 suasoriae,
622 1361 800 1452 inquibus
820 1369 969 1432 01610166
993 1369 1026 1432 61
1046 1365 1243 1436 triumviros
1268 1376 1302 1438 et

180 1481 447 1572 proscriptiones
462 1484 695 1547 exsecrantur!

225 1624 240 1658 1
260 1595 428 1664 Deliberat
444 1591 558 1664 Cicero
572 1597 580 1629 ¹
596 1595 778 1683 6666111116
797 1615 859 1662 666
873 1594 1061 1682 6611116161,
1080 1599 1300 1686 promittente

178 1713 329 1781 Antonio
345 1711 627 1794 incolumitatem,
645 1712 674 1778 61
692 1710 838 1778 lecisset.
859 1737 875 1772 »

223 1855 239 1890 «
253 1826 428 1896 Crudelior
441 1831 494 1894 est
505 1825 612 1915 pactio
626 1825 764 1893 Antonii
775 1845 878 1913 quam
887 1827 1098 1916 proscriptio.
1116 1829 1299 1916 Ingenium

180 1945 306 2013 eratin
328 1963 396 2031 quo
416 1941 502 2008 nibil
519 1918 606 2030 juris
633 1939 799 2009 haberent
820 1941 1044 2010 triumuiralia
1063 1963 1168 2012 arma.
1196 1946 1296 2013 Com-

176 2067 314 2129 mentus
329 2067 381 2128 est
393 2059 561 2127 Antonius
576 2057 865 2148 quemadmodum
878 2058 969 2147 quod
986 2080 1056 2127 non
1073 2069 1202 2149 poterat
1219 2084 1296 2131 cum

175 2176 337 2245 Cicerone
360 2173 571 2265 proscribere
596 2195 616 2243 a
639 2176 800 2243 Cicerone
829 2175 1107 2262 proscriberetur.
1138 2178 1298 2248 Hortarer

175 2300 222 2375 16,
252 2293 377 2375 Cicero,
411 2297 447 2360 ut
468 2291 572 2360 vitam
602 2292 716 2380 magni
746 2292 945 2377 aestimares,
972 2292 1000 2359 61
1027 2291 1166 2361 11161166
1194 2315 1295 2363 66616

176 2408 318 2478 1616161
336 2409 522 2476 incivitate
542 2408 668 2492 1006111,
686 2409 713 2474 61
734 2428 836 2476 suum
856 2409 890 2473 in
910 2407 1066 2477 libertate
1086 2409 1294 2498 eloquentia,

175 2524 288 2592 sinon
306 2525 398 2592 civili
414 2544 497 2593 ense
512 2523 703 2592 cervicibus
722 2524 915 2610 lucrentur3
932 2545 1026 2592 nunc
1046 2531 1083 2592 ut
1102 2525 1189 2593 60166
1210 2526 1296 2594 nibil

174 2641 391 2709 essemelius
424 2661 525 2728 quam
553 2640 652 2726 mori,
686 2641 790 2708 vitam
821 2639 879 2707 tibi
911 2641 1082 2708 Antonius
1114 2643 1294 2730 promittit.

174 2756 296 2824 Nescio
313 2775 355 2823 an
372 2756 438 2824 boc
452 2761 606 2844 tempore
620 2756 736 2824 vivere
752 2756 849 2839 velis,
868 2756 984 2824 Cicero
1002 2782 1009 2824 :
1028 2775 1131 2825 nemo
1147 2765 1199 2826 est
1217 2778 1296 2826 cum

174 2892 241 2960 quo
262 2873 358 2940 velis.

220 3014 236 3049 «
252 2988 317 3055 Fac
331 2985 510 3056 moriendo
525 2987 713 3055 Antonium
727 2988 971 3059 nocentiorem.
991 3015 1008 3051 »

218 3103 299 3182 Quis
321 3103 453 3172 dubitat
472 3104 567 3192 quin,
590 3103 644 3172 his
663 3104 874 3193 argumentis
898 3106 1059 3190 tractatis,
1086 3112 1238 3174 oratores
1262 3111 1295 3174 61

173 3220 328 3288 rhetores
338 3226 371 3288 et
386 3219 543 3309 discipuli
554 3219 672 3288 dolore
687 3221 894 3310 6111661166
909 3219 1146 3308 indignatione
1159 3221 1293 3289 accensi

172 3335 261 3403 sint?
282 3335 365 3423 quin
385 3335 582 3404 Ciceronem
602 3355 664 3424 pro
689 3335 842 3404 libertate
866 3336 1070 3404 morientem
1095 3336 1294 3425 simpliciter

170 3447 327 3515 admirati
352 3449 433 3535 sint,
454 3450 711 3538 Antoniumque
731 3456 764 3518 et
780 3468 873 3516 arma
893 3449 1116 3518 triumuiralia
1135 3449 1293 3520 detestati

170 3561 262 3631 sint?
277 3565 359 3652 quin
375 3585 412 3634 se
436 3565 470 3631 in
494 3564 601 3633 libera
619 3566 752 3634 civitate
776 3585 851 3634 esse
871 3563 1042 3634 interdum
1064 3564 1292 3635 crediderint?

168 3678 253 3767 quin
274 3678 338 3746 sibi
352 3679 456 3748 falsas
471 3685 504 3748 ot
518 3699 625 3750 vanas
643 3680 809 3769 imagines
823 3678 1006 3748 finxerint?

215 3791 303 3859 Η1110
321 3794 470 3881 antiquae
491 3792 657 3862 libertatis
682 3793 855 3882 quoddam
875 3791 1082 3864 desiderium
1107 3795 1143 3862 in
1163 3794 1291 3863 scholis

166 3906 329 3975 exoritur.

212 4021 254 4089 Hi
271 4030 384 4092 autern
400 4032 563 4108 oratores,
579 4030 648 4092 tam
664 4044 785 4114 graves
801 4045 1012 4094 6666666601
1027 4024 1292 4094 6161116611161-

199 4287 220 4335 l.
235 4284 372 4346 Suasoris,
387 4285 441 4337 Vll.
