3094 5062
732 501 893 565 ..25-

247 669 388 748 tionem,
420 667 577 755 quamvis
611 665 755 732 minime
786 663 911 732 faceret
939 668 972 730 et
1006 661 1123 752 fugere
1152 662 1269 748 vellet,
1300 685 1370 733 non

221 759 224 769 ι
246 804 381 872 semper
401 783 551 851 evitavit.

290 898 395 966 Nobis
429 898 531 985 igitur
564 894 816 985 inspiciendum
851 899 902 962 est
932 914 1007 982 quaa
1039 891 1257 976 declamatio,
1295 915 1372 982 quae

246 1015 441 1102 eloquentia
460 1014 520 1080 illo
545 1012 668 1080 saeculo
690 1011 892 1098 fueritque
914 1009 1040 1098 justius
1064 1016 1098 1078 et
1124 1008 1247 1077 reetius
1271 1009 1369 1098 inge-

246 1130 341 1197 nium
359 1129 464 1198 Cassii
484 1128 598 1196 Severi
615 1127 705 1195 vitiis
725 1133 758 1194 et
777 1124 959 1193 virtutibus
977 1125 1123 1192 aliorum
1139 1124 1244 1210 hujus
1259 1125 1370 1192 aetatis

246 1251 419 1314 oratorum
434 1251 467 1313 et
482 1244 750 1313 declamatorum
769 1241 880 1310 metiri
892 1242 1077 1330 possimus.

245 1559 260 1634 ξ
275 1558 302 1616 1.
317 1561 412 1618 Num
430 1559 643 1634 eloquentia
657 1558 722 1618 illo
734 1560 898 1630 tempore
911 1559 1025 1617 fuerit
1037 1560 1074 1617 et
1090 1572 1174 1617 esse
1189 1561 1367 1631 potuerit.

284 1666 437 1737 Quidue
458 1667 542 1732 arte
562 1665 836 1726 declamatoria
850 1666 1016 1739 TacituS,
1032 1666 1241 1738 Petronius,
1259 1668 1370 1738 Quin-

283 1773 440 1832 titianus
459 1774 497 1830 et
515 1774 645 1836 rhetor
664 1773 804 1834 Seneca
825 1765 1022 1832 senserint.

290 1957 421 2024 Verane
441 1961 554 2024 autem
579 1955 615 2024 id
634 1957 797 2046 temporis
817 1957 1013 2046 eloquentia
1036 1964 1128 2026 erat?
1146 1959 1225 2027 Sine
1248 1959 1367 2048 dubio,

246 2093 345 2141 verso
373 2072 516 2142 civitatis
547 2080 648 2157 statu,
680 2094 750 2142 uno
780 2061 895 2141 omnia
922 2073 1137 2159 moderante,
1167 2095 1203 2144 ro
1231 2075 1370 2164 publiea
1539 2073 1540 2128 i

247 2189 359 2278 quieta
379 2189 411 2256 id
432 2197 484 2258 est
505 2210 615 2273 serva,
638 2210 708 2258 non
725 2191 810 2279 jam,
832 2195 870 2257 ut
890 2183 1036 2270 videtur,
1057 2190 1247 2260 oratoribus
1271 2191 1369 2261 loeus
1539 2141 1540 2222 ¹

246 2311 328 2388 erat,
360 2307 418 2394 qui
443 2306 476 2372 vi
508 2307 637 2393 ingenii
671 2307 841 2374 civitatem
875 2313 1032 2394 regerent
1065 2312 1098 2375 et
1127 2307 1366 2378 distraherent..

248 2448 263 2483 «
281 2422 402 2510 Magna
416 2422 612 2510 eloquentia
627 2424 714 2490 siout
728 2423 866 2491 flamma
884 2423 1025 2490 materia
1041 2423 1154 2508 alitur,
1170 2429 1203 2490 et
1218 2423 1369 2492 motibus

245 2537 410 2618 excitatur
424 2544 457 2605 et
472 2537 605 2607 urendo
621 2538 785 2606 olareseit.
805 2565 822 2600 »
839 2539 919 2616 Quae
932 2558 1014 2608 vera
1037 2557 1138 2606 eausa
1157 2540 1368 2607 001001010-

244 2654 384 2741 quentia
403 2652 581 2722 deminuta
601 2654 656 2722 sit.

288 2765 385 2835 Adde
414 2767 506 2856 quod
535 2788 648 2836 mores
677 2769 714 2834 in
747 2766 896 2836 deterius
920 2768 1006 2857 lapsi
1037 2773 1127 2836 sunt,
1157 2796 1173 2832 «
1199 2767 1370 2846 Quemad-

244 2883 387 2952 modum
416 2885 555 2952 autem¹
579 2884 850 2972 uniuscujusque
879 2886 964 2952 00110
994 2884 1119 2952 dioenti
1150 2885 1271 2952 similis
1298 2891 1364 2967 est,

245 3000 294 3067 sie
322 3019 432 3087 genus
456 2998 591 3066 dicendi
616 2998 800 3088 aliquando
826 3000 976 3068 imitatur
997 2999 1153 3088 publicos
1181 3019 1305 3068 mores.
1335 3000 1370 3068 Si

246 3114 427 3204 disciplina
446 3115 591 3184 civitatis
610 3115 787 3200 laboravit,
810 3122 898 3184 etse
920 3117 954 3182 in
968 3115 1115 3214 delicias
1138 3115 1245 3199 dedit,
1267 3136 1368 3204 argu-

246 3238 401 3299 mentum
421 3237 472 3300 est
496 3231 640 3299 luxuriae
660 3231 816 3320 publicae,
839 3217 1001 3300 orationis
1022 3231 1186 3300 lascivia:
1210 3232 1237 3298 si
1263 3231 1366 3299 modo

246 3368 317 3415 non
331 3349 367 3413 in
387 3368 457 3415 uno
478 3354 536 3414 aut
551 3349 586 3414 in
601 3348 707 3415 altero
722 3346 797 3430 fuit,
816 3346 876 3415 sed
896 3346 1080 3437 approbata
1100 3352 1151 3416 est
1167 3352 1201 3415 et
1218 3353 1366 3434 recepta.

245 3449 454 3550 Non'potest
476 3459 563 3531 alius
587 3483 663 3531 esse
686 3464 837 3552 ingenio,
864 3463 951 3531 alius
976 3464 1091 3531 animo
1118 3463 1223 3532 eolor.
1250 3464 1284 3530 Si
1307 3462 1368 3530 1110

163 3617 165 3622 -
246 3599 350 3646 sanus
378 3585 440 3662 est,
473 3579 501 3646 si
535 3580 756 3667 compositus,
790 3580 919 3668 gratie,
952 3586 1156 3668 temperans,
1190 3577 1369 3668 ingenium

245 3678 381 3782 quoque
405 3695 532 3762 siecum
556 3714 596 3761 ao
618 3685 771 3762 sobrium
793 3702 845 3762 est
870 3722 877 3763 :
904 3695 962 3762 1110
989 3695 1115 3778 vitiato,
1141 3694 1207 3762 hoo
1230 3713 1371 3782 quoque

244 3809 389 3878 atilatur.
421 3811 539 3899 Itaque
564 3809 772 3899 ubicumque
799 3810 928 3880 videris
957 3811 1145 3879 orationem
1174 3816 1372 3897 corruptam

243 3926 390 4015 placere,
424 3925 469 3994 ibi
500 3947 614 3995 mores
640 3934 777 4014 quoque
810 3934 953 3995 erecto
986 3925 1173 3996 descivisse
1206 3945 1276 3994 non
1306 3925 1375 3994 erit

245 4039 398 4110 dubium.
423 4070 440 4105 u
486 4109 494 4118 „

194 4339 201 4350 .
278 4276 300 4323 1.
317 4273 343 4323 t.
359 4274 469 4323 Annuus
484 4274 590 4334 Seneca,
605 4273 689 4337 Epist.
705 4273 741 4323 ud
755 4273 827 4334 Lae,
841 4275 894 4323 111.
