3148 5042
571 1078 574 1094 '
599 1110 875 1190 ceucnusre.

223 1351 333 1420 Verus
363 1349 455 1419 enim
487 1349 553 1418 fuit
578 1356 692 1430 orator
721 1351 857 1420 Cassius
890 1353 1053 1439 Severus,
1084 1373 1155 1421 non
1182 1359 1298 1424 cutem

176 1467 386 1536 declamator
407 1487 416 1534 :
434 1465 483 1534 sic
501 1485 581 1534 eum
598 1465 699 1535 nobis
718 1465 906 1536 ostendunt
924 1471 958 1536 et
977 1467 1118 1552 Seneca,
1140 1475 1174 1538 et
1193 1469 1300 1549 Quin·

176 1581 330 1662 tilianus,
345 1588 378 1649 et
392 1580 536 1650 Tacitus.
555 1581 658 1670 Cujus
674 1580 840 1650 tamenin
856 1578 1002 1650 dicendo
1017 1581 1213 1654 facultatem
1227 1604 1299 1653 non

176 1698 322 1769 omnino
355 1696 546 1786 perspicere
574 1715 771 1786 possumus,
797 1715 839 1766 ex
870 1698 913 1767 iis
945 1718 1021 1786 quac
1044 1705 1231 1789 supersunt
1256 1699 1265 1734 ¹
1293 1721 1301 1767 :

175 1814 270 1898 illius
289 1813 384 1881 enim
401 1811 629 1893 Quintilianus
646 1815 770 1882 breves
785 1813 974 1882 sententias
996 1815 1150 1903 protulit,
1170 1816 1297 1885 Seneca

176 1927 319 2020 quidem
342 1928 516 2017 longiores
542 1929 648 2010 locos,
673 1926 736 1996 sed
762 1927 1002 1998 tantummodo
1029 1949 1048 1998 c
1072 1928 1238 2000 suasoriis
1268 1935 1303 1999 et

176 2044 421 2114 controversiis
446 2049 616 2134 sumptos,
642 2043 808 2112 memoria
832 2044 973 2113 retinuit
994 2066 1004 2113 ε
1028 2045 1157 2116 scimus
1179 2051 1296 2116 autem

174 2161 278 2230 illum
296 2162 333 2228 in
353 2159 659 2230 declamationibus
674 2158 885 2229 mediocrem
900 2159 1020 2230 fuisse.

222 2278 324 2347 Hunc
341 2277 455 2345 virum
473 2282 600 2360 tamen,
619 2282 656 2345 ut
674 2296 754 2345 curn
773 2276 934 2362 maxime,
955 2278 1071 2346 animo
1090 2277 1300 2366 effingamus

176 2399 213 2463 et
240 2393 338 2482 quasi
367 2391 475 2461 oculis
502 2411 751 2480 proponamus,
777 2393 835 2481 qui
862 2393 934 2462 suis
960 2391 1107 2462 inimicis
1134 2392 1302 2463 adversa·

175 2509 306 2600 riisque
320 2506 447 2576 libellis
464 2515 497 2576 et
512 2506 722 2577 orationibus
736 2508 856 2577 terrori
867 2507 944 2593 fuit,
961 2514 1064 2599 atque
1077 2489 1300 2599 gravissimas

174 2645 300 2715 poenas
314 2644 386 2692 suae
403 2622 594 2694 acerbitatis
608 2621 784 2713 pependit.

222 2740 286 2810 Vel
304 2738 418 2829 potius
437 2759 481 2808 ne
497 2740 570 2827 jam
585 2740 701 2808 animo
718 2738 986 2828 complectamur
1005 2739 1098 2809 bunc
1116 2760 1294 2831 procacem

174 2855 378 2946 scriptorem
400 2883 414 2914 α
432 2853 579 2923 sordidae
598 2853 752 2942 originis,
769 2854 933 2923 maleficae
951 2855 1055 2924 vitaa¹
1072 2883 1103 2941 a,
1124 2854 1184 2944 qui
1200 2855 1291 2924 viros

174 2970 393 3060 feminasque
406 2968 558 3038 illustres
572 2968 712 3040 famosis
726 2967 854 3038 libellis
868 2967 1112 3054 diffamaverat,
1130 2975 1164 3038 et
1177 2968 1303 3038 immo

173 3087 273 3156 dicas
298 3085 493 3154 inimicitias
517 3089 727 3174 susceperat3
749 3082 810 3154 sed
833 3091 1003 3154 oratorem
1026 3085 1215 3175 egregium,
1236 3083 1303 3174 qui

173 3205 217 3272 in
235 3201 308 3269 foro
327 3200 499 3290 surgebat,
520 3203 554 3271 et
572 3199 740 3270 desiderio
766 3199 871 3290 hujus
895 3200 1026 3292 antiqui
1050 3201 1215 3292 temporis
1241 3199 1304 3268 fla·

173 3321 310 3408 grabat,
335 3337 403 3408 quo
430 3315 613 3387 incendere
640 3315 807 3406 populum
836 3323 871 3386 et
898 3336 1016 3406 regere
1043 3323 1201 3386 senatum
1226 3317 1306 3386 elo-

174 3435 319 3526 quentia
338 3453 399 3503 sua
411 3433 589 3524 potuisset.

189 3542 194 3551 '
227 3548 326 3618 lllum
361 3548 464 3638 igitur
495 3548 596 3618 nobis
629 3548 801 3638 tingamus
830 3569 838 3618 :
874 3547 1026 3638 corporis
1058 3548 1300 3638 magnitudine

172 3666 394 3756 conspicuus
408 3664 509 3734 uocis
533 3665 648 3734 suavis
672 3670 706 3733 et
730 3664 891 3749 valentis,
914 3663 1019 3733 animi
1045 3685 1181 3754 semper
1208 3685 1298 3754 pra·

172 3780 297 3867 sentis,
310 3781 470 3852 facillime
484 3802 527 3851 ex
543 3788 696 3870 tempore
710 3779 803 3866 dicit,
820 3779 1032 3869 paratissime
1045 3779 1246 3870 respondet,
1264 3780 1301 3848 in

172 3899 374 3968 altercando
405 3899 580 3968 neminem
612 3917 729 3988 parem
761 3897 915 3981 invenit3
945 3897 1052 3967 iratus
1082 3895 1302 3966 commodius

172 4013 293 4088 subita
321 4013 474 4112 expedit;
503 4012 729 4095 adversarios,
760 4012 818 4102 qui
850 4012 965 4103 ipsum
992 4011 1230 4102 interpellent,
1257 4011 1301 4081 cd

170 4131 366 4225 pigendum
384 4129 529 4200 inducit.

210 4317 235 4366 l.
250 4313 316 4366 Vide
327 4313 450 4380 Append.
461 4339 493 4351 -
506 4314 530 4362 2.
545 4311 670 4363 Fortasse
682 4311 747 4360 sunt
761 4309 873 4359 duriora
885 4307 943 4360 hac
955 4308 1037 4359 verba
1051 4307 1147 4360 Taciti.
1200 4343 1202 4348 ,
1217 4366 1220 4371 ,

252 4406 370 4462 bonaur.
457 4422 460 4431 ·
664 4437 665 4440 =
916 4430 923 4444 ω
1146 4397 1162 4454 6
