3094 5062
652 531 812 596 ..13..

167 710 223 760 res
246 709 337 758 nova
356 695 391 758 et
413 689 574 758 inusitata
594 691 801 780 supplicium
824 691 866 759 de
882 687 1005 760 ‘studiis
1036 692 1139 760 sumi.
1161 718 1178 756 o
1205 695 1294 765 Hinc

159 805 272 875 'vitam
292 802 436 873 finiendi
453 805 625 874 Labienus
644 808 826 876 consilium
847 805 945 896 cepit.
967 833 984 868 «
1003 807 1080 874 Non
1102 808 1180 877 tulit
1204 809 1294 880 hanc

166 920 409 990 contumeliam
429 939 494 989 neo
512 925 686 1010 superstes
701 942 777 991 esse
792 921 929 1010 ingenio
950 941 1013 990 suo
1028 922 1151 1005 voluit,
1173 925 1235 994 sed
1257 927 1291 993 in

167 1038 426 1106 monimenlase
436 1038 606 1126 majorum
621 1059 762 1107 suorum
774 1037 854 1106 ferri
863 1039 875 1126 j
881 1038 967 1106 ussit·
977 1043 1081 1127 atque
1092 1039 1138 1107 ita
1149 1040 1289 1124 includi,

166 1153 295 1223 veritus
328 1153 459 1220 scilicet
491 1172 536 1221 ne
565 1154 654 1241 ignis
684 1154 741 1242 qui
771 1154 904 1222 nomini
928 1174 991 1222 suo
1020 1153 1194 1242 subjectus
1222 1164 1294 1226 erat

167 1269 300 1358 corpori
322 1274 504 1357 negaretur
525 1290 534 1337 :
553 1289 625 1337 non
645 1270 756 1337 linivit
775 1275 909 1337 tantum
931 1288 968 1337 se
990 1270 1075 1357 ipse,
1104 1270 1165 1338 sed
1189 1273 1292 1340 etiam

92 1417 95 1422 ·
167 1383 336 1474 sepelivit.
362 1384 486 1453 »Hinc
507 1412 524 1448 «
545 1384 638 1454 Cassi
661 1386 775 1454 Severi
793 1384 886 1482 belle
906 1384 996 1452 dicta
1017 1404 1073 1454 res
1092 1385 1288 1454 ferebatur:

166 1521 265 1569 nano
278 1519 333 1568 me
349 1501 467 1568 aivam
486 1501 548 1568 nri
564 1508 698 1587 oportet
715 1502 779 1588 qai
793 1501 870 1569 illos
886 1501 991 1568 libros
1006 1501 1139 1568 edz'dicz'
1155 1529 1185 1568 ».
1204 1503 1291 1570 Hinc

165 1615 356 1685 vehemens
370 1615 493 1683 hnnaei
514 1615 653 1684 Senecae
668 1615 857 1704 indignatio
876 1615 911 1682 in
929 1614 995 1683 hoc
1008 1636 1139 1684 novum
1158 1618 1290 1706 suppli-

165 1731 270 1800 cium.
293 1756 310 1791 «
334 1731 426 1798 Bono
450 1730 608 1799 hercules
632 1730 770 1820 publico
790 1731 854 1799 ista
872 1729 908 1796 in
931 1749 1052 1819 poenas
1072 1731 1290 1820 ingeniorum

164 1865 264 1915 versa
288 1844 471 1914 crudelitas
497 1851 575 1934 post
598 1847 798 1915 Ciceronem
823 1847 964 1914 inventa
989 1853 1070 1916 est:
1092 1847 1175 1936 quid
1198 1849 1290 1916 enim

163 1962 318 2030 futurum
343 1961 407 2029 fuit
427 1961 456 2029 si
479 1961 666 2030 triumviris
689 1961 846 2030 libuisset
866 1967 900 2030 et
920 1961 1097 2050 ingenium
1119 1962 1291 2033 Ciceronis

164 2077 397 2167 proscribere?
410 2077 532 2146 Facem
549 2075 671 2145 studiis
687 2075 834 2146 subdere
849 2077 933 2145 etin
948 2086 1174 2146 monumenta
1187 2077 1290 2148 disci·

165 2193 338 2284 plinarum
365 2191 637 2262 animadvertere
670 2198 798 2282 quanta
830 2200 864 2262 et
896 2212 1000 2281 qnam
1030 2213 1101 2261 non
1130 2201 1290 2265 contenta

164 2314 277 2380 cetera
296 2309 437 2391 materia
456 2308 587 2378 saevitia
605 2313 672 2378 esti
692 2309 731 2376 Di
750 2309 888 2394 melius,
905 2308 996 2397 quod
1015 2328 1056 2378 eo
1078 2311 1205 2379 saeculo
1224 2312 1289 2381 ista

163 2426 383 2514 ingeniorum
402 2424 569 2514 supplicia
588 2430 766 2514 coeperunt
785 2445 853 2513 quo
874 2425 1012 2513 ingenia
1031 2423 1204 2496 desierant
1223 2429 1248 2495 ¹!
1269 2455 1285 2491 »

162 2541 224 2608 llis
260 2538 400 2608 fervidis
437 2538 552 2608 verbis
595 2538 806 2628 respondent
839 2539 1052 2628 amplissima
1088 2540 1287 2630 Philosophi

162 2659 299 2726 Senecae
327 2656 459 2725 verba²
482 2676 562 2724 cum
586 2655 747 2725 Cremutii
772 2654 864 2723 cordi
887 2655 1062 2744 ingenium
1088 2656 1217 2744 laudat,
1243 2656 1287 2727 de

160 2793 229 2860 quo
243 2771 336 2841 idem
350 2777 469 2860 postea
483 2775 661 2860 sumptum
678 2769 743 2838 fuit
757 2770 978 2860 supplicium.

204 2887 374 2956 Labienus
388 2892 423 2957 et
437 2887 741 2970 CassiusSeverus,
754 2907 952 2974 quanquam
963 2887 1110 2956 Severus
1134 2886 1283 2956 Labieno

158 3002 391 3072 invisissimus
408 3001 532 3071 dicitur
545 3005 569 3088 ³,
590 3001 691 3071 nohis
710 3023 728 3070 e
748 3003 937 3091 longinquo
957 3002 1118 3071 videntur
1138 3003 1228 3072 inter
1248 3023 1286 3072 se

160 3121 333 3210 conjuncti
359 3118 482 3188 iisdem
517 3118 617 3204 odiis,
647 3116 769 3186 eadem
802 3117 957 3187 libertate
987 3117 1126 3206 fereque
1161 3117 1283 3186 iisdem

160 3236 348 3325 suppliciis.
365 3234 476 3304 Ambo
491 3234 583 3303 enim
599 3252 720 3301 omnes
737 3232 876 3302 ordines
891 3233 1120 3322 hominesque
1135 3232 1280 3316 laniant3

159 3351 261 3421 ambo
277 3353 429 3420 oratores
438 3349 564 3439 egregii
577 3348 764 3435 hahentur3
780 3348 882 3416 ambo
896 3347 1056 3416 omnihus
1072 3349 1282 3437 contemptui

159 3474 193 3537 et
207 3466 327 3536 terrori
342 3470 425 3534 sunt
442 3489 448 3532 :
466 3465 552 3534 alter
566 3464 704 3554 libellis,
722 3465 807 3533 alter
821 3464 973 3533 historiis
991 3463 1125 3532 senatui
1140 3470 1175 3532 et
1191 3465 1283 3554 prin-

159 3583 226 3673 cipi
239 3581 456 3651 stomachum
471 3587 599 3650 movet.
1082 3599 1084 3604 ·

202 3698 352 3766 Alterius
379 3695 516 3786 quidem
552 3695 677 3784 scripta
700 3695 850 3782 primum
879 3715 970 3764 novo
1000 3696 1167 3785 supplicio
1188 3717 1283 3764 oom-

157 3815 347 3895 buruntur;
370 3813 512 3881 alterius
539 3817 653 3880 autem
678 3809 804 3879 libellis
831 3810 981 3898 primum
1014 3811 1070 3881 lex
1094 3812 1282 3902 majestatis

157 3928 352 3998 adhibetur.

189 4168 211 4215 l.
227 4163 344 4215 Annaeus
359 4163 460 4215 Seneca
471 4177 519 4214 nos
534 4161 663 4212 certiores
678 4160 742 4211 lacit
757 4183 766 4202 ι
780 4160 848 4223 ejm,
862 4159 909 4224 qui
924 4159 994 4210 hanc
1008 4158 1036 4209 in
1052 4159 1153 4224 scripta
1169 4158 1280 4210 Labieni

154 4237 320 4289 sententiam
339 4235 454 4295 dixerat,
470 4240 565 4297 postea
579 4233 694 4283 viventis
709 4232 797 4282 adhuc
812 4231 913 4294 scripta
926 4231 1068 4282 combusta
1081 4231 1165 4282 tuisse
1180 4255 1201 4279 ».

188 4311 212 4358 2.
222 4307 298 4358 Cone.
315 4305 504 4368 adheretum,
519 4306 539 4355 l.
554 4332 586 4342 —
600 4307 624 4354 3.
641 4303 709 4364 Sam,
722 4302 853 4363 Contrua,
870 4303 901 4364 X,
911 4303 997 4366 praei„
1013 4305 1035 4353 8.
