3148 5042
755 499 916 564 :14-

316 663 434 752 Neque
454 661 582 732 mirum
601 659 709 731 estid
728 660 860 730 rhetori
879 661 1018 729 Senecae
1039 658 1165 727 mirum
1186 657 1308 728 videri.
1328 658 1400 727 Sci-

273 778 468 848 musenim
494 784 622 867 quanta
643 778 792 863 insania,
817 773 910 866 quod
938 775 1059 844 attinet
1082 773 1126 843 ad
1150 775 1403 864 eloquentiam,

273 895 351 963 haec
379 903 461 964 aetas
493 895 711 980 laboraverit,
745 894 947 983 scimusque
977 891 1069 960 hano
1100 891 1398 979 intemperantiam

274 1011 564 1081 declamationum
578 1020 612 1079 et
625 1010 865 1080 recitationum
880 1029 952 1077 non
966 1007 1009 1076 ad
1024 1007 1129 1077 breve
1144 1015 1280 1096 tempus
1295 1006 1397 1077 dura-

273 1127 376 1196 visse.
394 1127 525 1195 Plinius
536 1125 676 1215 quidem
692 1126 847 1214 queritur
861 1123 955 1214 quod
970 1152 987 1186 u
997 1123 1041 1192 ad
1054 1121 1267 1192 audiendum
1278 1125 1288 1158 ¹
1300 1123 1398 1213 pigre

273 1242 431 1327 coitur»,
452 1242 599 1332 illosque
617 1241 734 1310 laudat
752 1247 788 1311 et
805 1241 929 1331 probat
944 1269 961 1305 «
977 1259 1065 1329 quos
1083 1259 1103 1307 a
1121 1238 1291 1309 scribendi
1311 1239 1397 1308 reci-

272 1357 436 1446 tandique
460 1356 574 1426 studio
597 1356 673 1425 haec
695 1356 893 1425 auditorum
919 1357 976 1426 vel
1002 1353 1135 1427 desidia
1156 1356 1214 1424 vel
1237 1354 1398 1444 superbia

271 1494 342 1542 non
367 1473 566 1543 retardat».
588 1475 665 1562 lpse
688 1494 772 1543 vero
793 1475 932 1563 quantis
950 1473 1110 1542 laudibus
1132 1472 1395 1541 declamatorem

271 1590 395 1656 Isaeum
410 1588 559 1658 extollit!
578 1588 666 1666 Ouid
680 1588 775 1658 aliud
790 1589 937 1659 dixisset
951 1587 994 1659 de
1009 1589 1170 1658 Cicerone
1184 1593 1243 1656 aut
1256 1590 1397 1657 Demos-

269 1705 394 1776 thene?
410 1735 426 1769 «
449 1706 594 1794 Magna¹
613 1706 741 1774 Isaeum
754 1705 846 1774 fama
860 1711 1092 1796 precesserat,
1109 1705 1220 1795 major
1233 1706 1396 1775 inventus

269 1829 333 1893 est.
357 1825 497 1892 Summa
519 1829 570 1890 est
595 1821 750 1904 facultas,
772 1823 880 1912 copia,
904 1821 1070 1890 ubertas:
1093 1818 1174 1890 dicit
1198 1841 1334 1911 semper
1352 1841 1396 1891 ex

271 1949 439 2028 tempore,
466 1936 528 2006 sed
555 1944 718 2025 tanquam
748 1936 809 2005 diu
841 1938 1024 2028 scripserit.
1051 1938 1276 2006 Prooemiatur
1301 1943 1392 2028 apte,

269 2059 385 2122 narrat
398 2058 525 2144 aperte,
537 2059 668 2143 pugnat
682 2054 814 2138 acriter,
828 2053 957 2143 colligit
971 2053 1114 2140 fortiter,
1127 2054 1391 2150 ornatexcelse;

269 2177 442 2262 postremo
463 2170 574 2254 docet,
597 2169 754 2258 delectat,
777 2170 896 2253 afficit;
918 2170 1000 2259 quid
1020 2154 1182 2256 maxime,
1205 2170 1350 2241 dubites
1375 2199 1392 2234 »

268 2289 370 2357 Hunc
397 2307 517 2356 senem
547 2286 789 2357 scholasticum
817 2286 961 2377 probare
989 2308 1060 2356 non
1089 2287 1234 2374 dubitat,
1262 2287 1393 2357 nedum

268 2402 436 2486 derideat;
461 2403 524 2472 has
544 2404 641 2472 lictas
663 2404 915 2473 controversias
935 2403 1064 2488 laudat,
1086 2405 1165 2495 quia
1187 2405 1274 2473 fiotae
1297 2409 1392 2490 sunt,

269 2539 333 2589 nec
360 2520 465 2588 animi
496 2519 746 2609 simplicitatem
775 2525 1013 2610 corrumpunt.
1041 2548 1057 2582 u
1081 2521 1221 2589 Annum
1239 2540 1394 2614 sexage-

268 2635 396 2704 simum
427 2637 573 2718 excessit
600 2642 634 2704 et
660 2633 774 2704 adhuc
806 2635 1030 2706 scholasticus
1057 2643 1191 2706 tantum
1223 2641 1292 2720 est;
1324 2657 1394 2726 quo

267 2771 395 2840 genere
423 2750 605 2819 hominum
633 2751 721 2819 nihil
747 2758 807 2820 aut
836 2752 1003 2822 sincerius
1032 2760 1090 2821 aut
1116 2753 1306 2844 simplicius
1335 2759 1396 2820 aut

268 2867 403 2936 melius.
431 2867 501 2936 Nos
529 2867 621 2935 enim
650 2867 710 2957 qui
736 2869 773 2936 in
802 2868 876 2938 foro
905 2871 1065 2960 verisque
1093 2869 1209 2938 litibus
1236 2869 1391 2951 terimur,

268 2983 416 3050 multum
439 2983 592 3068 malitiae,
610 2984 769 3072 quamvis
793 2986 959 3068 nolimus,
981 2984 1201 3073 addiscimus.
1218 2984 1340 3054 Schola
1359 2989 1394 3053 et

236 3098 473 3180 ,auditorium
503 3105 538 3168 et
564 3099 642 3168 licta
667 3120 770 3169 causa
797 3121 852 3171 res
878 3102 1035 3184 inermis,
1063 3102 1203 3171 innoxia
1235 3107 1298 3187 est,
1328 3121 1394 3169 nec

267 3215 383 3284 minus
410 3214 503 3297 felix,
531 3214 673 3284 senibus
700 3217 902 3305 praesertim.
934 3219 1020 3286 Nam
1048 3217 1131 3307 quid
1155 3219 1191 3304 in
1215 3223 1392 3286 senectute

267 3329 400 3400 felicius
426 3351 529 3421 quam
553 3331 646 3419 quod
666 3331 904 3418 dulcissimum
924 3343 976 3404 est
1000 3335 1035 3403 in
1055 3337 1219 3425 juventa?
1242 3361 1258 3395 »
1282 3333 1390 3412 Quam

267 3452 381 3515 autem
415 3447 641 3516 vehementer
673 3448 805 3518 Plinius
833 3451 996 3540 praeteriti
1029 3451 1193 3540 temporis
1220 3448 1391 3521 desiderio

266 3561 440 3650 affligitur,
470 3563 608 3652 inquo
636 3563 799 3635 Claudius
826 3567 936 3635 Gaesar
957 3569 981 3651 ³,
1014 3566 1221 3636 elamoribus
1251 3566 1389 3652 auditis,

267 3677 401 3747 subitus
418 3678 577 3748 Noniano
594 3681 748 3749 recitanti
767 3681 1034 3772 inopinatusque
1054 3689 1208 3770 venerat!

310 3795 404 3864 Tunc
427 3795 531 3878 enim,
552 3795 791 3886 imprimisque
816 3797 881 3866 sub
896 3799 1064 3889 Augusto,
1086 3820 1165 3868 eum
1189 3799 1391 3869 declamatio

266 3927 387 3978 recens
416 3917 516 3993 esset,
547 3911 703 3980 nondum
730 3913 835 4003 hujus
865 3916 914 3984 rei
942 3916 1096 4002 satietate
1123 3917 1228 3998 animi
1262 3916 1392 3986 afficie-

267 4021 403 4109 bantur,
425 4022 490 4098 sed.
505 4033 624 4095 contra
642 4028 794 4098 novitate
814 4028 1081 4116 delectabantur.
1105 4034 1222 4122 Itaque
1246 4033 1289 4102 ob
1313 4054 1390 4103 eam

297 4291 318 4338 r.
331 4289 426 4356 apoc,
442 4291 463 4351 1,
475 4292 513 4340 ra.
527 4292 591 4341 -n
604 4291 681 4355 aaa,
692 4292 725 4356 u,
741 4295 764 4345 a.
781 4277 1052 4360 -a.apot.,1,1a.‘
1075 4317 1080 4326 ·
