3094 5062
718 484 922 547 aaa...

286 647 363 738 Ipsa
385 665 523 736 quoque
545 647 580 721 in
604 653 770 734 tyrannos
790 645 979 734 saepissime
1000 655 1194 719 exsecratus
1213 659 1276 735 ast,
1298 653 1361 722 sed

240 765 385 832 fortasse
404 763 516 852 magis
535 781 637 851 quam
657 762 713 828 alii
733 781 807 829 rem
827 761 860 827 in
881 762 1009 830 serium
1031 762 1195 848 vertebat,
1217 767 1297 856 quia
1316 767 1361 835 ob

239 879 482 948 vehementem
531 875 725 945 facundiam
771 883 916 966 angusto
958 878 1065 947 limite
1101 878 1360 953 declamationis

242 998 419 1078 astuabat,
437 994 517 1082 quia
531 992 751 1080 intellegebat
765 1002 928 1082 quantam
943 1013 1124 1082 personam
1139 1004 1361 1086 suscepturus

241 1117 334 1180 esset
357 1111 386 1179 si
410 1129 467 1179 res
492 1107 627 1199 publica
650 1110 790 1191 valeret,
817 1115 942 1197 quauta
965 1109 1071 1198 gratia
1094 1111 1230 1180 floreret
1253 1115 1282 1181 si
1306 1116 1360 1184 vis

241 1226 367 1309 omnis,
388 1231 428 1293 ut
445 1224 540 1307 olim,
555 1244 662 1314 penes
681 1231 832 1292 oratores
850 1230 952 1293 esset.
968 1222 1020 1290 lld
1038 1224 1103 1292 hee
1121 1225 1180 1294 ille
1200 1230 1360 1317 egregius

247 1347 372 1425 orator,
389 1340 448 1429 qui
471 1345 593 1429 sponte
612 1346 743 1407 natura
765 1337 929 1407 libertatis
947 1345 1078 1408 amator
1095 1346 1166 1408 erat
1184 1347 1218 1409 et
1241 1350 1360 1430 tyran-

241 1455 334 1526 nidis
352 1455 683 1546 impatientissimus,
708 1454 830 1522 humili
849 1455 924 1522 loco
944 1462 1049 1537 ortus,
1071 1457 1260 1544 putentium
1283 1456 1360 1526 feli-

243 1573 377 1641 citatem
416 1571 515 1660 aegris
550 1571 657 1640 oeulis
697 1569 951 1660 introspiciebat
991 1578 1026 1640 et
1059 1572 1187 1661 asperis
1229 1573 1360 1644 facetiis

242 1687 377 1757 nobiles
401 1687 562 1757 homines
584 1692 618 1756 et
638 1688 784 1756 feminas
807 1686 952 1757 illudere
975 1686 1155 1778 gaudebat,
1181 1708 1222 1757 ee
1249 1691 1360 1779 magis

242 1802 335 1892 quod
357 1803 496 1893 ingenio
519 1804 649 1873 urbano
670 1811 705 1872 et
723 1796 833 1872 faceto
855 1802 1017 1892 praeditus
1037 1810 1119 1873 erat.
1138 1805 1185 1880 Ex
1204 1805 1258 1873 his
1277 1825 1360 1874 san-

241 1921 367 1990 tiemus
385 1939 447 1989 cur
462 1926 495 1988 et
513 1919 597 2010 ipse,
615 1927 653 1988 ut
670 1917 834 1988 Albucius
849 1919 950 2004 Silus,
969 1925 1095 1989 statum
1114 1921 1219 1988 ltaliae
1238 1919 1360 2009 deplo-

240 2037 377 2119 raverit,
402 2037 612 2126 Brutumque
637 2035 804 2105 libertatis
828 2035 999 2105 vindicem
1025 2037 1251 2124 invoeaverit3
1277 2057 1361 2106 sen-

239 2153 365 2223 tiemus
384 2173 444 2223 eur
461 2154 616 2241 Augusto
640 2151 804 2223 obsistere
822 2172 927 2222 ausus
946 2152 1000 2222 sit.
