3094 5062
756 541 793 575 ·.-
817 503 913 567 20>-

273 668 413 758 ingenio
437 686 564 735 nomen
590 687 692 735 suum
716 665 902 756 posteritati
922 664 1259 749 commendaverant,
1278 667 1399 756 cupie-

272 781 377 851 bant?

318 900 407 966 Hinc
428 906 506 987 post
526 898 687 966 actiacam
711 916 862 986 pugnarn
888 903 983 964 tanta
1005 896 1196 985 frequentia
1216 897 1396 966 rhetorum

272 1021 306 1082 et
322 1013 584 1102 discipulorum!
937 1096 950 1122 ο

317 1131 478 1199 Veterum
504 1134 619 1196 autern
638 1133 811 1196 oratorum
836 1148 907 1196 non
933 1128 1046 1196 solum
1071 1129 1304 1216 eloquentiam
1334 1128 1397 1198 sed

272 1248 373 1316 etiarn
393 1245 500 1314 vitem
521 1243 780 1314 admirabantur
798 1250 832 1312 et
852 1243 915 1311 sibi
935 1243 1164 1334 proterebant.
1186 1245 1276 1311 Num
1299 1247 1396 1314 enirn

271 1367 429 1452 poterant
465 1359 569 1429 verba
605 1379 625 1427 a
663 1359 760 1428 lactis
793 1358 1010 1448 disjungere?
1044 1360 1220 1428 Oratorem
1254 1359 1394 1430 dicendi

270 1480 418 1568 peritum
458 1475 619 1545 laudibus
656 1475 839 1558 extollere,
876 1476 1053 1565 civemque
1091 1497 1207 1545 rerum
1240 1479 1396 1548 civilium

270 1592 516 1683 peritissimum
542 1589 784 1660 contemneret
802 1591 887 1658 Cum
913 1592 1012 1660 multi
1033 1593 1180 1680 juvenes
1204 1591 1395 1662 discordia-

270 1730 345 1777 rum
377 1709 526 1777 civilium
556 1707 652 1777 obliti
679 1708 847 1791 luissent,
874 1728 954 1776 oum
982 1707 1219 1777 adulescentes
1249 1709 1395 1778 horrida

269 1825 360 1894 bella
382 1845 451 1892 non
474 1823 652 1908 vidissent,
674 1821 735 1891 sed
759 1823 794 1890 in
816 1823 966 1892 historiis
986 1822 1283 1926 contionibusque,
1306 1847 1394 1914 quas

270 1959 406 2028 semper
424 1941 459 2008 in
479 1938 639 2007 munibus
654 1939 887 2026 memoriaque
907 1921 1090 2021 habebant,
1106 1947 1220 2008 vetera
1239 1943 1394 2032 suspice·

268 2062 357 2139 rent,
380 2076 438 2124 eos
458 2055 561 2123 nimis
576 2055 699 2143 quietae
713 2055 790 2144 vitae
804 2053 943 2122 laedium
959 2053 1122 2144 capiebat.

317 2171 413 2240 Adde
428 2170 522 2260 quod
536 2175 748 2258 argumenta,
767 2191 843 2258 quae
859 2170 893 2236 in
910 2171 1037 2239 scholis
1051 2171 1251 2259 agebantur,
1270 2179 1391 2260 tyran-

268 2309 333 2356 nos
349 2293 383 2356 et
396 2286 588 2356 libertatem
607 2287 797 2376 saepissime
812 2285 1042 2376 opponebant.
1060 2286 1146 2357 Vide
1160 2289 1254 2356 enim
1269 2291 1391 2378 quales

268 2403 429 2472 suasoriae
447 2400 622 2491 discipulis
637 2409 883 2491 proponantur.

313 2516 517 2586 «Deliberat
535 2520 544 2552 ¹
560 2519 675 2586 Cicero
691 2539 735 2586 an
754 2519 943 2586 Antoniam
963 2516 1173 2607 deprecetur.
1197 2546 1212 2580 a

311 2633 400 2702 Audi
416 2653 491 2721 quae
509 2634 625 2719 verba,
643 2654 727 2722 quas
749 2636 935 2702 sententias
951 2634 1197 2714 declamatores
1216 2637 1388 2705 emittant.

267 2778 283 2813 κ
302 2750 340 2829 Q.
359 2751 528 2818 Haterius.
548 2751 661 2818 Sciant
680 2749 805 2839 posteri
825 2751 978 2837 potuisse
997 2751 1146 2818 Antonio
1167 2752 1295 2820 servire
1316 2773 1390 2821 rem

264 2867 449 2956 publicam,
476 2887 545 2935 non
571 2865 724 2955 potuisse
748 2866 958 2934 Ciceronem.
984 2867 1017 2934 Si
1041 2865 1224 2956 intellegis
1256 2868 1387 2953 Cicero,

266 3003 337 3052 non
367 2981 448 3051 dicit
477 3009 493 3045 «
525 3003 607 3072 roga
634 2987 671 3050 ut
699 2981 795 3050 vivas
820 3009 852 3066 u,
886 2981 988 3050 sed«
1020 3002 1103 3071 roga
1129 2991 1167 3050 ut
1192 2984 1322 3052 servias
1356 3013 1386 3054 ».

265 3097 563 3178 Quemadmodum
600 3103 712 3166 autern
756 3098 850 3165 hunc
888 3103 1046 3167 senatum
1083 3099 1209 3166 intrare
1246 3100 1386 3187 poteris,

264 3215 472 3284 exhaustum
492 3213 685 3297 crudeliter,
703 3213 871 3304 repletum
891 3212 1054 3302 turpiter?
1070 3214 1199 3282 Intrare
1218 3220 1334 3282 autern
1352 3223 1389 3283 tu

264 3337 422 3400 senatum
443 3332 538 3402 uoles
557 3331 593 3398 in
615 3351 682 3419 quo
703 3331 850 3398 nontin.
872 3329 1072 3419 Pompeium
1092 3329 1229 3399 visurus
1249 3350 1297 3412 es,
1316 3351 1389 3400 non

264 3449 308 3516 M.
336 3448 512 3529 Catonem,
541 3466 611 3515 nun
637 3446 811 3530 bucolica,
836 3466 908 3513 non
932 3446 1164 3529 Hortensium,
1197 3467 1267 3514 nun
1297 3447 1389 3514 lien·

264 3563 375 3631 tulum
400 3570 502 3652 atque
525 3562 734 3643 Marcellum,
756 3583 827 3630 non
849 3571 937 3648 tuos,
954 3563 1108 3650 iuquam,
1130 3563 1290 3630 consules
1309 3562 1390 3630 Hir·

262 3677 347 3745 tium
372 3699 411 3746 ac
438 3676 607 3747 Pansam?
625 3678 739 3746 Cicero
767 3677 848 3767 quid
868 3678 904 3744 in
929 3678 1041 3747 alieno
1065 3678 1191 3746 saeculo
1211 3676 1293 3746 tibi?
1312 3678 1390 3766 jam

262 3800 378 3862 nostra
393 3802 527 3883 peracta
551 3801 642 3862 sunt.
662 3823 678 3857 a

307 3910 450 3989 Quidam
474 3939 489 3974 ι(
513 3931 652 3980 omnem
677 3909 892 3980 acerbitatem
919 3909 1093 3979 servitutis
1116 3909 1239 3976 futurae
1262 3906 1390 3976 descri-

261 4025 343 4095 bere
369 4053 385 4088 u
405 4048 475 4096 non
501 4026 713 4112 dubitabant,
738 4032 795 4094 aut
819 4026 898 4095 illos
921 4027 979 4115 qui
1001 4025 1167 4094 Gaasarem
1191 4022 1390 4093 occiderant

295 4294 317 4341 l.
329 4291 398 4354 Sara,
412 4291 549 4354 Saoaora'o,
565 4289 608 4341 Vl.
