3148 5042
569 583 575 593 θ
666 487 826 552 ³³19-

177 652 402 742 ingeniorum
418 653 454 718 et
471 649 509 716 in
529 667 600 717 una
618 650 758 718 materia
779 647 973 739 perspiciat
1000 650 1080 730 Quae
1098 655 1215 721 tamen
1235 661 1306 722 n'on

177 753 251 840 erat
270 785 372 835 causa
394 785 455 834 cur
474 764 611 834 Cassius
632 765 780 834 Severus
799 770 934 834 tantum
954 764 1043 834 inira
1062 786 1098 836 se
1117 774 1209 837 esset
1228 789 1307 837 cum

135 909 138 916 ·
177 885 396 954 declamaret.

221 1001 299 1068 Non
323 997 451 1086 optime
469 994 638 1065 declamat
666 996 746 1085 quia
769 995 842 1064 odit
859 1003 894 1065 et
921 998 1112 1067 contemnit
1137 997 1307 1068 declama·

177 1118 320 1198 tionem,
347 1113 428 1201 quia
452 1111 545 1179 illam
569 1112 722 1195 inanem,
748 1112 977 1202 inutilemque
998 1119 1032 1182 et
1055 1134 1306 1203 supervacuam

177 1252 250 1301 rem
279 1249 357 1298 esse
379 1232 492 1316 putat3
519 1226 600 1315 quia
628 1226 816 1297 detestatur
847 1247 1059 1317 supervacua
1093 1237 1127 1298 et
1155 1228 1301 1315 devitat;

175 1348 255 1438 quia
280 1364 398 1414 veram
416 1362 555 1412 causam
579 1362 694 1432 agere,
715 1363 795 1412 cum
814 1363 896 1412 vero
926 1342 1120 1414 adversario
1146 1367 1298 1436 pugnare

174 1461 401 1532 vehementer
414 1459 519 1549 cupit.
539 1485 556 1521 «
573 1457 642 1547 llgo
657 1463 775 1527 tamen
790 1464 823 1528 et
841 1459 1015 1548 propriam
1029 1479 1165 1530 causam
1181 1460 1302 1531 videor

174 1597 278 1669 posse
297 1574 442 1645 reddere
463 1601 470 1643 :
492 1573 635 1643 adsuevi
659 1595 730 1642 non
751 1573 944 1644 auditorem
964 1581 1115 1667 spectare
1134 1576 1194 1646 sed
1207 1576 1303 1666 judi-

174 1714 267 1778 cem3
294 1689 436 1759 adsuevi
458 1710 529 1758 non
549 1689 633 1758 mihi
658 1689 869 1779 respondere
895 1689 957 1759 sed
986 1690 1201 1776 adversari0;
1231 1714 1303 1763 non

174 1809 292 1876 minus
311 1805 425 1875 devito
445 1824 657 1896 supervacua
678 1804 795 1874 dicere
814 1825 919 1894 quam
939 1807 1118 1876 contraria.
1140 1809 1179 1875 ln
1200 1808 1301 1878 scho-

173 1923 293 1992 lastica
316 1921 399 2010 quid
421 1942 493 1990 non
511 1940 766 2010 supervacuum
790 1927 854 2004 est,
884 1942 965 1990 cum
989 1921 1063 2011 ipsa
1090 1943 1303 2014 supervacua

173 2042 230 2109 sit.
265 2065 281 2101 n
310 2039 358 2106 De
391 2037 455 2106 hac
482 2036 685 2106 scholastica
710 2036 964 2106 declamatione
996 2038 1114 2107 nullus
1147 2059 1300 2128 unquam

172 2154 295 2223 durius
304 2161 339 2223 et
344 2153 472 2243 justius
487 2153 647 2242 opinatus
663 2158 726 2222 est.
747 2152 858 2242 Hujus
867 2159 983 2221 autem
994 2152 1114 2241 judicii
1129 2154 1299 2224 rationem

172 2268 300 2353 reddit,
321 2289 399 2337 cum
423 2267 499 2336 haec
521 2265 640 2336 addit:
661 2294 678 2331 ι(
704 2266 866 2337 Indicabo
891 2267 952 2336 tibi
966 2267 1133 2337 affectum
1153 2289 1294 2338 meum:

171 2407 252 2456 cum
267 2385 302 2452 in
317 2383 391 2453 foro
409 2383 499 2471 dice,
516 2383 645 2472 aliquid
660 2403 741 2473 ag03
764 2404 841 2451 cum
864 2382 1031 2470 declam0‚
1053 2383 1089 2452 id
1108 2383 1201 2474 quod
1220 2384 1297 2454 bel·

171 2502 304 2570 lissime
319 2499 527 2568 Censorinus
545 2498 656 2568 aiebat
670 2497 714 2568 de
730 2499 785 2568 his
799 2498 857 2588 qui
874 2498 1026 2569 honores
1047 2500 1082 2566 in
1099 2499 1296 2589 municipiis

169 2615 351 2685 ambitiose
366 2620 521 2705 peterent
537 2641 544 2684 :
562 2612 682 2684 videor
701 2613 785 2682 mihi
805 2615 841 2681 in
860 2615 1004 2683 somniis
1022 2614 1188 2684 laborare.
1210 2642 1227 2677 r

217 2730 304 2812 Quid
322 2729 416 2820 quod
435 2730 583 2800 dilucide
597 2729 765 2820 intellegit
779 2736 812 2799 et
828 2728 977 2799 ostendit
991 2736 1158 2820 quantum
1177 2730 1292 2800 decla-

168 2847 275 2917 matio
295 2847 497 2916 scholastica
516 2845 559 2915 ab
580 2846 779 2935 eloquentia
803 2845 933 2915 forensi
953 2845 1062 2915 absit?
1077 2847 1120 2914 Ut
1138 2845 1244 2914 ludus
1263 2855 1297 2916 et

168 2983 287 3048 arena,
309 2969 347 3032 ut
359 2962 482 3031 umbra
501 2968 536 3031 et
551 2962 604 3031 sol
618 2961 708 3031 inter
723 2983 759 3031 se
775 2962 951 3032 differunt.
968 2989 984 3025 u
1003 2960 1133 3030 Deinde
1152 2982 1208 3031 res
1223 2962 1296 3050 ipsa

168 3082 307 3150 diversa
319 3088 371 3149 est
388 3101 397 3146 ι
414 3085 524 3148 totum
543 3076 638 3146 aliud
657 3082 709 3146 est
729 3099 894 3167 pugnare,
916 3077 1011 3147 aliud
1029 3078 1208 3148 ventilare.
1225 3080 1297 3148 Hoc

166 3201 362 3285 itasemper
375 3194 575 3263 arbitratum
591 3202 643 3262 est
658 3194 812 3262 scholam
827 3194 924 3282 quasi
938 3193 1060 3262 ludum
1075 3213 1164 3277 esse,
1181 3192 1294 3262 forum

165 3333 325 3394 arenam;
348 3317 381 3380 et
402 3311 460 3380 ille
484 3310 561 3380 ideo
586 3311 738 3402 primum
761 3311 796 3378 in
821 3309 894 3378 foro
920 3308 1025 3378 verba
1052 3309 1203 3378 facturus
1226 3309 1291 3378 tiro

164 3428 279 3497 dictus
294 3433 357 3496 est.
377 3455 394 3490 u
967 3422 971 3429 ¹

214 3544 354 3633 Exque
387 3542 574 3612 rectissime
602 3542 689 3612 effici
724 3541 799 3611 vult
830 3548 870 3610 ut
897 3541 1086 3631 saepissime
1111 3541 1290 3610 clarissimi

162 3659 417 3728 declamatores
445 3657 634 3728 mediocres
662 3659 747 3726 fiant
779 3662 942 3727 oratores.
974 3685 990 3721 «
1022 3656 1178 3745 Agedum
1208 3657 1292 3724 istos

161 3774 415 3844 declamatores
443 3774 576 3864 produc
608 3775 644 3841 in
676 3779 846 3856 senatum,
873 3774 910 3840 in
939 3772 1049 3841 forum
1074 3794 1082 3840 :
1110 3792 1189 3840 cum
1218 3771 1292 3839 loco

160 3889 401 3974 mutabuntur,
419 3891 514 3960 velut
533 3889 674 3958 adsueta
700 3889 815 3959 clauso
836 3895 871 3957 et
895 3887 1048 3957 delicatae
1066 3887 1198 3954 umbrae
1217 3906 1292 3954 cor·

155 4024 248 4098 pora
267 4003 429 4074 subdivo
450 4012 539 4075 stare
565 4025 638 4074 non
658 4009 816 4095 possunt.
838 4004 912 4072 Non
932 4002 1079 4071 imbrem
1098 4002 1198 4086 terre,
1220 4021 1291 4068 non

153 4120 274 4192 solem
292 4119 424 4209 sciunt;
441 4121 498 4190 vix
523 4141 560 4191 se
580 4121 781 4205 inveniunt3
800 4117 989 4190 adsuerunt
1007 4118 1101 4188 enim
1115 4137 1179 4186 suo
1200 4116 1292 4185 arhi-

153 4237 226 4307 trio
251 4236 368 4307 diserti
384 4258 473 4308 esse.
493 4264 509 4300 »
