3148 5042
744 491 903 555 -82..

306 647 475 739 Populum
499 648 638 739 quidem
661 650 720 719 ille
748 651 881 721 actione
909 659 942 722 et
965 652 1011 736 vi,
1039 659 1074 721 et
1097 653 1329 743 vehementia,
1354 666 1390 729 et

261 766 406 850 fervore,
431 773 465 835 et
492 765 673 836 acerbitate
696 766 800 835 allicit
827 774 861 837 et
886 769 991 858 rapit;
1020 794 1037 834 α
1062 769 1098 837 in
1129 791 1191 840 sua
1218 780 1390 861 potestate

261 881 476 950 audientium
491 881 630 951 affectus
644 881 765 969 habet;
784 903 898 952 rerum
918 883 1046 973 potitur
1062 912 1093 956 u.

305 998 430 1066 Doctos
444 1018 526 1067 vero
541 998 702 1067 varietate
720 997 922 1068 eruditionis
936 1004 970 1069 et
984 999 1101 1090 lepore
1117 1001 1332 1090 urbanitatis,
1353 1013 1389 1077 et

266 1113 455 1203 diligentia,
473 1119 507 1182 et
520 1132 601 1182 cura
616 1112 771 1184 delectet.

234 1253 240 1264 ·
304 1226 1382 1322 Certequibnsdamvitilsnonvacat:nempeimmodieus,est;

259 1344 415 1416 ordinem
432 1365 546 1415 rerum
562 1345 766 1432 contemnit;
785 1346 988 1416 scholastico
1003 1347 1107 1417 modo
1122 1370 1177 1419 res
1196 1351 1385 1440 saepissime

257 1461 456 1550 amplificat;
478 1461 575 1550 copia
594 1468 629 1530 et
647 1481 791 1530 numero
812 1462 935 1551 saepius
954 1463 991 1530 in
1011 1464 1164 1533 oratione
1183 1486 1245 1534 sua
1264 1475 1381 1537 caret:

261 1579 333 1647 haec
353 1583 468 1646 autem
488 1576 581 1660 vitia,
599 1576 691 1645 illius
710 1583 864 1666 tempore
880 1578 1046 1668 vigent'et
1060 1571 1337 1654 increbrescunt,

301 1697 429 1765 Omnes
443 1692 592 1783 deniquo
607 1713 678 1762 snae
700 1695 808 1762 aetatis
829 1694 979 1782 aequales
998 1715 1125 1784 genere
1143 1695 1281 1766 dicendi
1296 1699 1384 1770 lecto

257 1820 290 1882 et
301 1797 438 1894 ornato,
457 1838 474 1872 «
491 1828 561 1877 non
577 1808 709 1897 vulgari
728 1829 793 1877 nee
809 1807 961 1892 sordido,
979 1831 1050 1878 non
1068 1811 1212 1880 remisso
1226 1819 1285 1881 aut
1304 1815 1380 1883 lan-

258 1926 374 2018 guido,
396 1915 604 1997 sed'ardenti
619 1931 654 1994 et
668 1927 835 1994 concitato
849 1952 880 2012 ›r;
898 1928 1027 2017 argutis
1046 1935 1079 1998 et
1099 1927 1291 2016 splendidis
1307 1951 1383 2000 sen-

256 2043 373 2113 tentiis
388 2042 589 2134 permulcet.
1201 2039 1209 2044 ’

297 2160 374 2227 Non
389 2159 491 2247 igitur
506 2154 702 2225 mirandum
718 2163 770 2226 est
784 2158 812 2226 si
826 2157 943 2228 rhetor
957 2159 1085 2228 Seneca
1100 2179 1180 2229 eum
1196 2162 1300 2230 tantis
1311 2162 1383 2231 lau·

254 2274 354 2344 dibus
369 2274 520 2359 extollat,
537 2273 566 2342 si
588 2271 817 2352 Quintilianus
836 2281 870 2343 et
883 2265 1017 2345 Tacitus
1042 2296 1122 2345 enm
1136 2278 1221 2345 tanti
1242 2277 1379 2347 faciant.

298 2393 378 2470 Qum
401 2413 480 2460 cunr
504 2391 550 2459 ita
574 2391 654 2475 sint,
677 2410 872 2478 quaeramus
894 2413 902 2459 :
923 2429 968 2442 -
989 2393 1019 2460 si
1042 2397 1148 2461 totam
1173 2393 1379 2482 eloquentiae

252 2509 366 2577 latinae
396 2507 573 2576 historiam
601 2506 873 2596 complectimur,
898 2529 1069 2598 -quem
1097 2508 1212 2577 locum
1240 2511 1380 2579 Cassius

255 2625 400 2696 Sererus
420 2624 583 2693 obtineat.

296 2740 534 2830 Eloquentiam
555 2759 733 2808 romanam
751 2740 787 2807 in
807 2746 877 2810 tres
901 2739 1055 2809 diversas
1079 2745 1197 2809 aetates
1222 2740 1376 2812 dividere

252 2858 341 2927 licet.
957 2853 958 2856 ’

296 2973 407 3042 Prima
432 2979 542 3059 aetate,
559 2973 652 3059 Cato,
674 2969 769 3041 rudis
790 2978 823 3064 et
845 2972 1009 3057 incultus,
1026 2979 1059 3042 et
1079 2973 1268 3062 impolitus
1287 3011 1331 3024 -
1349 2975 1379 3043 si

251 3091 351 3159 illum
371 3069 492 3158 Crasso
514 3094 547 3157 et
566 3089 749 3157 Hortensio
769 3107 1021 3176 comparamuS,
1040 3125 1086 3138 -
1108 3087 1169 3157 sed
1189 3088 1378 3158 vehemens

255 3214 288 3276 et
306 3226 387 3276 vere
407 3204 555 3274 disertus
573 3204 677 3292 viget.

296 3320 463 3407 Secunda,
480 3319 714 3406 lloretllicero,
725 3320 1031 3409 praestantissimus
1045 3327 1078 3387 et
1094 3317 1375 3408 perfectissimus,

250 3438 349 3506 facile
371 3438 542 3526 princeps,
563 3436 635 3504 suis
658 3436 806 3525 egregiis
825 3434 1026 3520 virtutibus,
1054 3455 1274 3503 romanorum
1299 3453 1378 3501 ora-

186 3545 187 3548 ’
251 3558 362 3620 torum
380 3577 387 3618 :
407 3551 460 3618 cui
475 3556 590 3618 tamen
606 3570 669 3618 suo
688 3556 842 3640 tempore
859 3579 875 3613 «
894 3550 1157 3619 obtrectatores1
1174 3570 1244 3617 non
1260 3547 1379 3618 defue-

250 3674 341 3749 runt,
360 3665 483 3755 quihus
497 3664 634 3733 inilatus
649 3671 682 3733 et
696 3671 834 3735 tumens
849 3685 913 3734 neo
928 3667 1010 3734 satis
1025 3685 1178 3754 pressus,
1196 3662 1256 3734 sed
1272 3684 1377 3753 supra

250 3782 391 3851 modum
418 3782 595 3851 exsultans
619 3787 653 3850 et
675 3781 902 3871 superfluens,
930 3787 964 3850 et
985 3800 1106 3870 parum
1133 3780 1255 3849 atticus
1278 3779 1379 3848 vide·

249 3905 353 3970 retur.
377 3883 393 3961 u
472 3911 475 3916 ·

292 4013 403 4082 'lertia
417 4011 579 4102 denique,
595 4011 731 4082 Cassius
750 4012 908 4094 Severus,
927 4008 986 4101 qui
1006 4011 1119 4100 aliqua
1141 4018 1235 4100 parte
1255 4008 1380 4078 atticos

281 4282 303 4331 l.
318 4281 390 4345 Tne,
407 4281 487 4346 etat,
503 4284 542 4332 te.
