3094 5062
489 1415 644 1489 CAPUT
670 1411 938 1489 SECUNDUM.

148 1725 207 1772 cult
221 1724 368 1770 ORATORES
382 1724 418 1770 ΕΤ
433 1723 585 1772 aestuales
599 1723 730 1776 adituum
749 1689 938 1768 REi'PUBLlUAE
957 1722 1131 1770 nustnnnltttl
1146 1723 1269 1776 ΤΕΙΕΑΤ.

271 1833 308 1878 tlt
326 1832 443 1878 scilotls
462 1832 525 1885 QUAE
545 1829 721 1876 tlattttlttltlt
744 1827 853 1876 nodedi
870 1830 905 1876 ΕΤ
926 1827 1150 1878 denuntientur.

198 2089 315 2175 ltaque
335 2086 448 2154 Cassio
464 2086 587 2154 Severo
607 2084 728 2154 accidit
745 2091 783 2152 ut
801 2085 883 2153 huic
901 2086 1084 2175 quaestioni
1107 2087 1143 2152 in
1165 2088 1271 2176 scrip·

150 2212 246 2273 tores
264 2201 388 2270 habitae
411 2201 643 2290 implicaretur
656 2205 690 2269 et
705 2199 807 2288 quasi·
825 2221 886 2288 pro
906 2199 1061 2270 libertate
1080 2207 1271 2290 peteretur3

152 2320 296 2408 contigit
315 2323 430 2388 eutem
449 2324 488 2386 ut
507 2337 631 2385 novam
651 2316 797 2385 formam
818 2316 1025 2405 eloquentiae
1044 2316 1222 2388 induceret
1241 2326 1275 2388 et

152 2437 344 2505 recentium
361 2439 533 2502 oratorum
548 2432 706 2521 princeps
719 2431 894 2502 videret-ur
910 2458 917 2500 :
936 2453 1010 2520 quae
1025 2431 1168 2502 duaercs
1182 2435 1276 2503 illius

152 2569 283 2618 nomen
297 2546 340 2616 ad
352 2554 551 2638 perpetuam
567 2546 768 2614 memoriam
786 2546 1036 2635 propagabunt.

198 2664 266 2735 Sed
281 2672 463 2752 antequem
474 2663 579 2730 Cassii
591 2662 705 2730 Severi
720 2661 899 2748 ingenium
914 2661 1156 2751 ponderemus,
1174 2685 1268 2753 quae-

151 2801 269 2851 mmus
284 2786 399 2848 utrum
414 2777 584 2846 labienus
598 2782 632 2845 et
647 2776 793 2846 Severus
812 2796 832 2845 a
850 2778 972 2846 ceteris
991 2777 1147 2867 ejusdem
1163 2781 1271 2850 aetatis

153 2895 345 2966 oratoribus
355 2892 562 2962 dissociandi
575 2893 655 2977 sint,
668 2912 713 2960 an
725 2899 809 2960 tuno
821 2893 877 2962 elii
893 2913 1029 2982 quoque
1043 2895 1273 2984 principatum

152 3013 386 3086 lacessiverint
406 3020 439 3082 et
458 3013 567 3082 vicem
586 3013 634 3080 rei
654 3012 800 3100 publicae
823 3011 1006 3081 doluerint.

199 3131 355 3218 Plerique
370 3128 509 3218 quidem
518 3127 611 3196 cives
621 3127 784 3196 amissam
794 3146 869 3195 esse
883 3126 1076 3196 libertatem
1088 3148 1157 3197 non
1173 3150 1275 3219 ange·

153 3247 289 3314 bantur.
307 3245 435 3312 Omnes
454 3243 544 3312 enim
562 3249 645 3331 quot
663 3243 771 3310 tristia
785 3248 819 3311 et
837 3241 1009 3311 horrende
1032 3243 1123 3312 helle
1141 3245 1272 3314 Italiam

152 3366 187 3430 et
215 3361 358 3428 Romam
390 3379 451 3448 per
488 3356 735 3446 quinquaginta
771 3377 881 3426 annos
913 3359 1155 3448 vastavissent,
1191 3368 1275 3449 quot

151 3475 278 3546 atrocia
299 3475 389 3542 mele
408 3473 445 3540 in
469 3473 628 3542 homines
656 3480 831 3562 terrasque
853 3474 1057 3560 saeviissent,
1081 3484 1165 3564 quot
1183 3477 1274 3566 inju-

151 3592 233 3676 rioS,
255 3590 468 3674 vexationes,
493 3587 771 3678 direptionesque
803 3590 895 3678 passi
920 3590 1078 3677 fuissent,
1107 3593 1275 3662 memine-

149 3713 240 3774 rant.
263 3707 381 3794 ltaque
403 3704 507 3774 fortes
529 3703 586 3774 vel
613 3703 737 3793 ignavi,
760 3703 883 3773 divites
911 3705 967 3774 vel
999 3706 1132 3796 inopes,
1154 3728 1274 3796 paoem

148 3820 372 3910 cupidissime
390 3820 607 3910 appetebant,
628 3821 786 3909 quamvis
809 3820 1001 3891 libertatern
1021 3822 1086 3911 ipsi
1107 3823 1271 3912 perdituri

147 3943 276 4005 essent.
309 3938 405 4005 Hanc
437 3955 555 4026 pacem
591 3943 713 4025 poetae,
745 3938 803 4025 qui
840 3944 910 4005 tam
944 3936 1078 4005 turbido
1116 3945 1277 4028 tempore

147 4052 316 4139 vixerant,
341 4052 577 4142 procellasque
597 4050 804 4120 seditionum
828 4061 862 4121 et
886 4053 989 4138 bella,
1014 4054 1152 4123 horrida
1178 4056 1269 4125 helle
1374 4063 1377 4070 '

147 4164 325 4252 viderant,
356 4165 565 4236 carminibus
594 4187 733 4251 canere,
764 4173 865 4258 atque
895 4169 1084 4259 principem
1112 4171 1270 4240 maximis

148 4281 311 4351 laudibus
334 4282 509 4370 extollere,
536 4283 594 4372 qui
622 4283 727 4351 tantis
753 4282 930 4353 beneficiis
957 4284 1076 4354 orbern
1106 4291 1272 4355 terrerum

224 4399 343 4454 Roseus.
1116 4402 1132 4458 ‘2
