3094 5062
663 526 823 597 -‘an-

220 693 398 764 Interdum
422 709 478 764 res
501 693 671 763 humanas
693 715 764 763 non
783 714 826 764 ex
845 693 1026 764 commodo
1046 694 1108 764 sed
1128 715 1169 766 ex
1195 697 1300 781 bono,

174 810 332 886 inbelle
367 830 518 900 quoque,
548 809 779 879 considerant.
815 809 895 878 Mihi
921 814 1123 900 argumento
1152 820 1206 883 est
1228 814 1303 884 haec

174 925 379 996 declamatio
400 924 443 994 de
468 925 654 1016 transfugis
678 925 903 996 excludendis
922 927 1039 1015 quia«
1066 945 1136 996 non
1159 928 1302 1018 prodest

177 1063 292 1131 neque
317 1041 504 1111 honestum
528 1047 581 1111 est
604 1041 753 1132 recipere
778 1041 985 1130 transfugas.
1009 1044 1187 1113 Proximos
1209 1045 1300 1114 exiss

177 1158 276 1242 timo,
298 1157 344 1225 ait
363 1155 583 1242 declamator,
605 1177 681 1226 esse
704 1177 764 1226 eos
785 1157 971 1246 transfugis
996 1179 1016 1226 a
1039 1158 1168 1247 quihus
1189 1165 1302 1230 trans-

174 1274 266 1362 fugae
292 1273 509 1362 recipiantur.
536 1274 608 1342 Hoc
636 1278 757 1342 natura
784 1273 895 1342 simile
920 1280 971 1342 est
996 1273 1106 1342 facere
1132 1275 1245 1345 scelus
1269 1280 1303 1346 et

174 1389 322 1479 probare
338 1390 360 1458 ¹.
380 1415 397 1451 »

222 1505 387 1573 Parentes
410 1508 444 1572 et
471 1502 570 1573 liberi
599 1503 791 1572 mitioribus
815 1503 992 1573 affectibus
1014 1504 1165 1574 invicem
1195 1503 1303 1575 imbui

176 1618 350 1700 videntur,
368 1620 525 1709 quamvis
549 1619 592 1688 de
615 1620 695 1688 filiis
717 1619 878 1688 abdicatis
897 1626 956 1688 aut
976 1619 1154 1710 parricidis
1181 1621 1302 1711 saepis·

177 1735 263 1804 sime
292 1739 422 1824 agatur.
451 1735 557 1803 Filius
586 1734 726 1824 quidam
755 1755 940 1824 pauperem
968 1742 1100 1826 patrem
1127 1757 1198 1806 non
1227 1739 1303 1807 vult

175 1851 385 1940 relinquere.
417 1878 435 1913 «
468 1852 555 1919 Arno
589 1871 687 1940 aeque
720 1857 954 1941 paupertatem
986 1872 1092 1940 quam
1129 1856 1261 1941 patrem
1290 1877 1300 1922 e

175 1968 314 2057 utrique
329 1967 526 2036 consuevi¹.
544 1993 561 2030 u
578 1966 791 2036 Adulescens
809 1993 826 2030 «
845 1966 1060 2056 repudiatam
1074 1971 1220 2036 matrem
1236 1967 1303 2036 cri-

175 2084 272 2152 mine
296 2081 453 2151 adulterii
471 2083 541 2150 alit.
563 2081 659 2150 Istud
683 2083 933 2172 qualecumque
953 2087 1005 2152 est
1028 2082 1071 2150 ad
1092 2083 1203 2151 filium
1230 2103 1303 2152 non

175 2199 335 2290 pertinet.
353 2199 461 2267 Mariti
475 2218 589 2267 mores
604 2199 788 2284 excutiant,
806 2199 918 2267 mariti
933 2198 1149 2268 severitatem
1164 2197 1303 2268 deside-

175 2322 255 2385 rent
272 2340 279 2382 :
297 2314 412 2384 liberis
427 2315 575 2384 satisest
586 2314 679 2404 quod
694 2316 765 2384 nati
780 2318 890 2384 sunu.
905 2317 1040 2405 »Rapta
1054 2314 1210 2384 abdicata
1225 2335 1301 2404 quae

174 2432 286 2500 invito
307 2432 428 2500 marito
447 2436 578 2520 patrem
601 2433 661 2500 alit
682 2431 774 2502 dicit.
798 2459 815 2494 «
836 2431 982 2500 Accusas
1006 2431 1099 2520 quod
1121 2431 1302 2500 misereor.

175 2549 312 2616 Patrem
327 2547 372 2615 ali
388 2567 459 2616 non
475 2548 589 2616 solum
604 2552 748 2639 oportet,
766 2567 886 2618 verum
901 2548 1003 2616 etiam
1018 2567 1159 2618 necesse
1174 2553 1227 2617 est
1239 2549 1262 2615 ⁴.
1282 2573 1299 2608 »

139 2678 151 2750 j
220 2663 298 2730 Filii
321 2667 442 2750 petunt
465 2668 503 2732 ut
525 2661 589 2730 sihi
613 2662 713 2731 liceat
735 2683 878 2732 uxorem
904 2683 1007 2752 quarn
1030 2662 1139 2733 velint
1161 2662 1299 2732 ducere.

177 2804 195 2840 «
219 2774 338 2846 Nescis
362 2778 470 2846 nostri
497 2777 635 2848 arbitrii
653 2799 729 2847 esse
755 2779 993 2849 matrimonia?
1017 2778 1166 2847 Affectus
1193 2778 1302 2847 nostri

173 2893 274 2963 vohis
289 2894 632 2968 nonse1·viunt:n0n
649 2901 745 2984 potes
760 2894 893 2963 efficere
907 2894 1049 2982 imperio
1064 2897 1103 2961 ut
1117 2894 1174 2962 vel
1189 2913 1302 2962 amem

175 3030 280 3098 quem
300 3010 400 3096 velie,
419 3011 475 3080 vel
495 3009 627 3080 oderim
641 3014 663 3080 ¹⁵.
687 3038 704 3074 u
726 3011 848 3080 Priscis
867 3011 1078 3099 temporibus
1097 3030 1169 3079 non
1189 3011 1237 3079 ita
1260 3009 1303 3079 de

176 3126 250 3194 suis
265 3126 394 3194 mutuis
409 3125 546 3216 juribus
566 3127 625 3194 iiiii
645 3133 680 3196 et
703 3133 861 3217 parentes
880 3126 1123 3215 disputabant:
1143 3127 1300 3214 Majestas

177 3242 284 3330 patris
300 3242 374 3310 sine
389 3241 494 3310 dubio
510 3241 685 3311 deminuta
700 3249 766 3328 est;
784 3243 889 3310 animi
903 3262 985 3310 vero
999 3240 1104 3309 rudes
1118 3248 1220 3328 atque
1236 3240 1300 3309 ieri

177 3357 322 3427 emolliti
345 3364 438 3442 sunt,
454 3379 636 3448 moresque
656 3359 836 3430 hominurn
856 3358 1008 3427 mitiores
1027 3377 1186 3426 evenere.

224 3472 309 3551 Quid
338 3473 431 3562 quod
459 3474 715 3543 matrimonium
743 3495 797 3544 res
826 3474 939 3564 gravis
968 3480 1001 3542 et
1029 3473 1116 3542 seria
1141 3478 1174 3542 et
1204 3473 1301 3562 quasi

177 3595 296 3658 sancta
319 3589 476 3675 hahetur,
498 3610 538 3659 ex
565 3612 631 3680 qua
655 3591 757 3659 totius
781 3592 859 3660 vita
883 3591 1024 3659 felicitas
1047 3588 1195 3680 pendet?
1211 3589 1300 3667 Qua-

177 3704 334 3773 mobrem
358 3705 599 3776 adulescentes
620 3727 743 3776 uxores
767 3728 852 3796 quas
877 3712 993 3776 amant
1016 3707 1139 3775 ducere
1163 3706 1298 3789 volunt,

175 3821 310 3910 hocque
328 3829 480 3912 pactum,
497 3825 590 3914 quod
604 3825 746 3893 Gaesaris
763 3832 797 3892 et
816 3825 988 3894 Ciceronis
1007 3823 1157 3913 aequales
1173 3821 1300 3890 brevis·

174 3938 304 4007 simum
326 3939 481 4008 futurum
504 3961 580 4010 esse
602 3941 799 4030 cupiebant,
821 3941 843 4008 ii
866 3948 1072 4030 perpetuum
1094 3939 1168 4007 fore
1192 3958 1299 4027 exop-

174 4059 261 4124 tant.
291 4054 380 4124 Audi
413 4056 507 4125 enirn
540 4057 634 4126 hunc
665 4056 922 4127 adulescentem
954 4054 1075 4145 quiid
1105 4055 1296 4143 profitetur.

210 4260 232 4308 l.
251 4255 351 4320 Qumr.,
369 4271 394 4320 p.
417 4259 500 4308 xt-xe.
517 4284 547 4294 -
567 4259 590 4308 2.
611 4257 680 4320 Suu,
702 4271 728 4319 p.
749 4259 803 4307 119.
822 4282 854 4294 ·-
871 4257 895 4305 3.
919 4254 1017 4315 Qurur„
1040 4269 1068 4319 p.
1088 4255 1144 4304 291.
1158 4280 1190 4290 -
1210 4254 1234 4302 4.
1252 4251 1301 4315 lo.,

172 4342 203 4393 p.
221 4331 278 4379 tol.
292 4355 325 4366 -
341 4332 364 4379 5.
382 4330 430 4391 lu,
452 4343 479 4393 p.
500 4329 554 4380 tlt.
