3094 5062
660 531 799 591 „7-

166 696 303 765 licentia
324 695 398 762 sine
420 691 525 761 dubio
548 692 640 761 cives
663 690 859 776 utebantur,
880 699 1063 781 antequam
1088 693 1291 762 Octavianus

167 810 308 880 nomine
341 809 507 898 principis
539 807 722 897 imperium
759 807 966 896 accepisset,
998 828 1076 875 cum
1109 798 1291 898 imperium

167 946 274 1017 penes
289 930 433 994 cunctos
448 923 551 1009 cives,
569 943 641 990 non
656 921 749 1012 apud
768 943 879 990 unum
899 930 1000 992 esset.

213 1039 392 1120 Quondam
409 1039 499 1108 banc
516 1039 706 1108 libertatem
724 1057 799 1107 esse
819 1037 979 1121 decebat3
1000 1037 1104 1108 bodio
1121 1061 1203 1109 vero
1221 1062 1291 1110 non

168 1177 245 1227 esse
259 1156 367 1226 decet.
386 1155 549 1234 Quamvis
565 1154 687 1224 eadem
702 1153 869 1224 vocabula
882 1155 1143 1243 magistratuum
1163 1162 1289 1240 essent,

168 1274 313 1343 civitatis
342 1277 462 1354 status,
498 1293 577 1360 qnae
611 1270 653 1340 ab
683 1291 752 1340 uno
780 1269 974 1360 regebatur,
1005 1271 1147 1340 omnino
1171 1292 1292 1342 vorsus

168 1395 250 1458 erat.
274 1389 356 1466 Qua
378 1390 503 1457 consul
523 1387 727 1457 Octavianus
751 1386 965 1456 toleravisset
985 1392 1043 1454 aut
1063 1387 1180 1456 saltem
1206 1389 1293 1456 tole-

167 1524 242 1574 rare
257 1509 395 1574 coactus
406 1509 510 1589 esset,
523 1503 683 1592 princeps
697 1503 874 1591 Augustus
888 1522 960 1570 non
976 1501 1064 1570 ferre
1080 1509 1224 1590 poterat.

193 1626 197 1636 “
212 1618 379 1689 Videlicet
394 1645 410 1680 κ
430 1617 560 1687 ferebat
575 1618 697 1708 etipse
717 1620 726 1652 ¹
741 1617 941 1707 suffragium
956 1617 992 1684 in
1007 1616 1126 1702 tribus,
1144 1625 1181 1685 ut
1200 1639 1293 1688 unns

167 1755 186 1804 e
217 1735 357 1826 populo.
392 1735 526 1802 Testem
553 1754 589 1803 se
617 1733 653 1800 in
676 1731 814 1823 judiciis
837 1738 872 1801 et
899 1733 1099 1822 interrogari
1124 1738 1157 1801 et
1182 1733 1292 1802 refelli

167 1851 363 1940 aequissimo
383 1850 498 1918 animo
517 1849 721 1938 patiebatur.
738 1849 877 1916 Amicos
895 1849 941 1916 ita
960 1867 1105 1936 magnos
1120 1855 1154 1917 et
1172 1857 1293 1937 poten-

167 1974 219 2036 tes
236 1967 272 2035 in
298 1966 432 2035 civitate
452 1984 528 2035 esse
550 1964 671 2050 voluit,
697 1970 734 2033 ut
755 1972 870 2032 tamen
894 1965 965 2054 pari
982 1965 1059 2053 jure
1085 1971 1203 2034 essent
1225 1987 1292 2054 quo

166 2083 283 2167 ceteri,
304 2079 507 2170 legibusque
521 2078 711 2170 judiciariis
730 2100 826 2169 aeque
855 2085 1067 2149 tenerentur.
1097 2107 1113 2140 u
1134 2079 1290 2166 Quidam,

167 2198 250 2265 dum
266 2197 434 2280 viverent,
451 2196 550 2276 muti,
568 2201 805 2285 postmortem
820 2195 857 2262 in
873 2194 1052 2263 dominum
1072 2194 1264 2264 clamabant
1281 2222 1288 2262 :

167 2332 239 2381 non
267 2311 334 2380 boo
355 2311 476 2395 vetuit,
502 2350 546 2360 -
571 2310 664 2400 quod
690 2317 805 2380 votare
828 2309 1070 2378 difficillimum
1094 2329 1170 2379 esse
1195 2310 1290 2379 vido-

166 2427 277 2496 batnr.
302 2454 318 2488 (ι
339 2427 386 2494 lle
405 2425 593 2495 inhibenda
612 2431 897 2496 testamentorum
917 2425 1065 2510 licentia,
1087 2446 1131 2495 ne
1151 2432 1292 2495 senatus

167 2543 350 2633 quicquam
372 2542 604 2626 constitueret,
630 2541 832 2611 intercessit.
857 2568 873 2605 >2
897 2540 1001 2611 Sed«
1022 2543 1109 2631 jocis
1129 2564 1292 2631 qnorum-

166 2656 247 2725 dam
279 2655 459 2726 invidiosis
492 2663 550 2724 aut
587 2656 818 2747 petulantibus
850 2656 1043 2743 lacessitus,
1084 2657 1290 2727 contradixit

165 2773 276 2842 edicto
293 2799 323 2839 ».
343 2774 494 2841 Primum
508 2800 524 2836 «
537 2793 675 2863 sparsos
692 2772 735 2842 de
751 2794 788 2842 se
802 2775 813 2808 ²
828 2775 864 2841 in
880 2774 974 2844 orria
988 2773 1139 2842 famosos
1154 2774 1289 2842 libellos

167 2909 230 2958 nec
251 2889 390 2978 expavit
409 2909 473 2957 nec
496 2909 621 2978 magna
646 2910 727 2958 cura
748 2889 920 2978 redarguit
941 2914 948 2955 :
971 2909 1021 2973 ao,
1049 2891 1105 2958 ne’
1118 2889 1291 2978 requisitis

166 3003 305 3094 quidem
325 3003 532 3099 auctoribus,
551 3004 587 3072 id
610 3003 714 3073 modo
740 3005 875 3074 censuit
897 3003 1175 3093 cognoscendum
1195 3011 1290 3095 post-

167 3120 230 3190 hac
249 3119 291 3190 de
305 3121 348 3189 iis
366 3120 424 3210 qni
444 3120 579 3190 libellos
594 3128 652 3189 aut
666 3122 818 3189 carmina
831 3120 875 3189 ad
890 3120 1067 3188 infamiam
1086 3122 1288 3210 cujusquam

167 3235 230 3305 sub
246 3236 358 3305 alieno
373 3236 513 3305 nomine
528 3235 632 3306 edant
648 3263 679 3305 ».
693 3237 865 3324 Princeps,
883 3236 1062 3322 fateamur,
1080 3257 1150 3305 non
1168 3237 1290 3304 immo-

166 3351 283 3420 derate
299 3372 360 3420 sua
375 3352 527 3441 potentia
543 3351 701 3421 utebatur
715 3355 736 3420 ³.

211 3467 289 3535 Mox
311 3473 426 3535 autem
450 3467 562 3556 legem
582 3468 768 3556 majestatis
786 3466 829 3536 ad
848 3467 985 3537 libellos
1005 3468 1189 3536 transtulit.
1212 3469 1288 3536 Mox

165 3583 300 3652 Cassius
321 3585 468 3652 Severus
482 3583 602 3653 exsilio
617 3585 793 3666 multatur,
811 3604 913 3673 opera
929 3584 1069 3653 Labieni
1084 3584 1289 3653 comburun-

197 3754 219 3799 l.
235 3749 321 3812 Susa,
340 3750 404 3810 Oet,
424 3754 462 3801 56.
478 3779 508 3788 -
523 3753 545 3800 2.
563 3753 608 3810 lo„
625 3751 700 3813 ibid,
716 3755 755 3803 55.

196 3823 218 3871 3.
228 3821 257 3872 (l.
265 3822 393 3872 Albucius
408 3821 480 3872 Silus
496 3837 549 3873 non
566 3837 622 3873 suae
636 3823 797 3873 temeritatis
813 3837 908 3887 poenas
922 3824 1059 3886 pependit.
1077 3843 1090 3870 n
1109 3823 1290 3873 denunciavit

165 3894 224 3943 loro
244 3893 342 3955 partim
360 3893 471 3955 pudore,
487 3894 584 3955 partim
605 3899 688 3944 metu.
708 3895 738 3944 ln
760 3895 913 3956 cognitione
932 3896 1024 3956 caedls,
1042 3894 1196 3956 Mediolani,
1217 3895 1289 3958 apud

165 3963 195 4012 L.
211 3963 334 4013 Pisonem
358 3965 547 4025 proconsulem
567 3965 716 4018 defendens
730 3979 816 4027 reum,
832 3979 904 4026 cnm,
920 3967 1064 4017 cohibente
1082 3966 1177 4016 lictore
1192 3965 1290 4015 nimias

165 4033 335 4084 laudantium
345 4049 435 4096 voces,
449 4036 485 4086 ita
498 4037 687 4087 excanduisset
702 4041 739 4099 ut,
754 4037 988 4100 deploratoltaliae
1003 4041 1083 4098 statu,
1097 4036 1175 4102 quasi
1191 4037 1289 4086 iterum

165 4105 193 4154 in
205 4104 321 4154 lormam
340 4106 486 4168 provincie
506 4107 684 4169 redigeretur,
704 4109 822 4158 Marcum
841 4108 951 4170 insuper
966 4109 1087 4170 Brutum,
1103 4108 1181 4170 cnjus
1202 4113 1291 4158 statua

165 4177 192 4225 in
206 4181 353 4238 conspectu
376 4181 442 4236 erat,
458 4178 605 4242 invocaret,
621 4180 711 4244 legum
736 4193 767 4230 ac
781 4179 916 4230 libertatis
936 4184 1075 4231 auctorem
1099 4184 1125 4230 et
1145 4180 1289 4241 vindicem,

164 4260 241 4310 paene
264 4260 357 4310 poenas
374 4248 434 4299 luit.
451 4250 597 4300 »Verbum
622 4272 631 4292 ι
648 4263 725 4313 plene
743 4273 753 4294 ι
770 4251 798 4301 in
818 4251 870 4302 boc
887 4252 946 4302 loco
965 4251 1075 4301 maximi
1090 4251 1219 4301 momenti
1239 4256 1289 4301 est.

165 4318 262 4381 (Sura,
277 4317 309 4368 de
323 4317 407 4379 libet,
423 4320 477 4384 Vl.)
