3094 5062
641 521 737 587 „11
762 494 822 574 ...f

207 684 335 765 Quibus
355 683 470 752 verbis
489 703 561 752 non
580 684 664 752 mihi
685 684 721 752 in
738 684 854 752 animo
874 689 925 753 est
945 684 1034 754 hauc
1049 683 1285 754 difficillimam

161 804 258 872 litem
294 799 466 882 incidere,
497 806 556 867 001
592 800 822 888 patrocinium
854 801 1047 890 principum
1089 802 1283 892 suscipere;

161 925 296 988 tantum
311 923 427 986 autem
447 917 615 985 rationem
631 915 775 985 reddere
790 914 1083 1004 quemadmodum
1098 917 1281 1008 principes,

161 1034 198 1101 in
217 1034 282 1101 1100
295 1053 332 1101 10
353 1030 505 1121 00010111,
522 1029 664 1099 libidine
678 1051 739 1120 pro
762 1031 896 1120 legibus
912 1032 961 1100 uti
982 1032 1165 1121 potuerint,
1184 1041 1286 1124 atque

162 1149 266 1220 simul
293 1169 354 1217 cur
382 1147 539 1229 Romani,
564 1147 682 1235 legum
712 1145 993 1216 decemviralium
1021 1148 1116 1217 obliti
1141 1156 1174 1218 et
1197 1151 1285 1239 Jam-

162 1264 294 1334 dudum
314 1284 386 1332 non
405 1262 518 1332 solum
538 1261 684 1331 libertati
700 1261 761 1332 sed
779 1263 882 1331 etiam
902 1262 1048 1332 licentiae
1066 1265 1205 1352 assueti,
1223 1265 1287 1335 hac

161 1378 307 1450 libidine
323 1379 456 1448 attoniti
472 1383 505 1447 01
525 1379 645 1447 offensi
663 1377 801 1447 fuerint.

206 1494 373 1585 Quicquid
395 1501 460 1577 est,
485 1496 672 1582 Angustus,
699 1515 779 1562 cum
803 1495 838 1562 in
860 1494 1051 1563 Labienum
1074 1503 1108 1564 et
1131 1497 1288 1566 Cassium

163 1614 327 1682 Severum
347 1611 471 1691 saeviit,
495 1611 627 1701 primus
646 1609 689 1679 de
712 1609 867 1679 libertate
891 1631 1034 1680 romana
1056 1617 1156 1701 atque
1183 1613 1285 1682 etiam

160 1728 314 1797 11001000
329 1726 460 1816 aliquid
480 1724 690 1796 deminuisse
707 1727 804 1795 visus
822 1731 886 1795 est.

205 1846 252 1913 lte
281 1864 362 1913 vera
385 1844 452 1912 boc
482 1863 612 1912 novum
633 1849 706 1912 0101
728 1843 841 1931 legem
868 1843 1054 1933 majestatis
1077 1845 1113 1911 iu
1141 1844 1286 1914 dictaei

161 1960 313 2028 earmina
333 1958 520 2028 transferri.
1008 1945 1015 1954 ¹

204 2076 281 2143 Non
296 2075 391 2143 enim
406 2094 500 2142 nuno
518 2075 630 2163 agitur
645 2073 687 2142 de
703 2071 896 2163 proditione
911 2079 970 2142 001
984 2074 1212 2144 seditionibus
1226 2084 1285 2145 001

161 2190 251 2260 01010
276 2198 430 2279 gestare
455 2189 602 2278 publica,
623 2188 659 2256 id
680 2195 733 2258 est
756 2188 799 2258 de
823 2188 984 2258 omnibus
1007 2190 1062 2258 bis
1090 2191 1187 2259 iactis
1207 2211 1283 2278 quae

161 2307 377 2396 majestatem
395 2306 512 2396 populi
533 2307 666 2374 romani
691 2303 904 2392 minuebant,
926 2310 1028 2395 atque
1052 2305 1226 2394 quondam
1247 2307 1282 2374 iu

157 2423 324 2512 judicium
343 2420 545 2508 veniebant3
563 2420 624 2491 sed
644 2420 880 2490 tantummodo
901 2420 943 2490 de
958 2422 1086 2491 facetiis
1105 2427 1139 2490 et
1159 2428 1280 2490 00010-

160 2538 273 2608 0101110
298 2559 375 2628 quae
398 2539 592 2626 Augustum
618 2541 651 2606 et
673 2538 840 2626 sanguine
865 2538 1056 2607 amicitiara
1079 2539 1283 2627 conjunctos

107 2633 117 2651 ⁵
160 2655 472 2742 lactentibusque
486 2653 649 2722 inlocum
663 2652 781 2742 populi
796 2655 978 2723 romanise
994 2654 1107 2745 ipsum
1122 2654 1283 2744 princeps

164 2771 321 2861 subjecit.
348 2769 515 2858 Quicquid
540 2769 622 2837 olim
650 2766 694 2835 ad
721 2769 934 2858 majestatem
956 2769 1092 2860 populi,
1117 2790 1211 2838 nuno
1238 2769 1283 2838 ad

159 2888 372 2977 maJeslatem
392 2885 495 2954 unius
514 2883 664 2953 hominis
684 2885 842 2972 pertinet.
869 2886 986 2974 ltaque
1008 2906 1077 2953 non
1102 2886 1173 2974 jam
1194 2884 1281 2954 dicta

161 3011 195 3072 et
209 3002 332 3091 scripta
350 3001 492 3089 impune
507 3007 598 3069 0001.

205 3120 371 3186 Praeterea
390 3118 456 3185 hoc
473 3137 608 3206 quoque
625 3138 756 3187 novum
776 3124 848 3186 erat
867 3137 937 3186 nou
962 3118 1074 3186 solum
1097 3115 1299 3205 scriptores

160 3234 220 3305 sed
236 3235 359 3324 scripta
374 3234 508 3324 puniri:
527 3234 661 3302 Primus
675 3237 850 3324 Augustus
863 3235 988 3323 scripta
998 3233 1151 3302 comburi
1162 3233 1275 3322 jussit,

159 3349 249 3441 quod
281 3351 480 3440 exemplum
508 3357 541 3419 et
575 3349 727 3419 'liberius
756 3350 792 3416 iu
826 3350 1037 3419 Cremutium
1071 3348 1219 3418 Cordum
1247 3357 1282 3419 et

157 3475 278 3557 000100
296 3466 396 3536 multi
415 3465 472 3534 alii
491 3466 526 3533 in
543 3466 673 3534 multos
692 3456 778 3534 01100
795 3465 903 3534 000011
922 3471 1014 3534 sunt.
1033 3465 1197 3535 Videlicet
1216 3465 1281 3534 bae

159 3580 283 3651 stolida
303 3601 406 3671 poena
427 3581 684 3664 conscientiam,
700 3587 740 3649 ut
753 3581 798 3649 ait
813 3581 959 3655 Tacitus,
983 3582 1119 3670 generis
1139 3581 1280 3649 humani

158 3698 288 3768 aboleri
304 3694 481 3788 putabant.

202 3815 250 3882 Ex
265 3834 333 3901 quo
348 3813 549 3902 intellegere
565 3834 751 3904 possumus
764 3813 855 3882 banc
869 3833 942 3882 rem
961 3815 997 3880 in
1018 3814 1173 3881 omnium
1193 3820 1279 3881 tem·

158 3950 283 4019 porum
303 3930 472 3998 memoria
488 3950 559 3998 non
580 3930 757 3998 minimam
776 3949 864 4014 esse,
883 3950 924 3998 eo
943 3930 1053 4018 magis
1074 3928 1165 4018 quod
1190 3929 1279 3998 oela-

155 4045 295 4114 berrimi
311 4047 493 4136 scriptores
507 4053 541 4115 et
555 4053 706 4118 oratores
723 4047 848 4114 nimiae
863 4044 1029 4114 libertatis
1043 4044 1280 4114 acerbissimas

156 4181 278 4252 poenas
293 4162 394 4252 primi
412 4160 661 4252 pependerunt.

209 4276 379 4353 Labienus
399 4277 490 4347 euim
511 4278 669 4368 egregius
688 4281 801 4350 010101
820 4283 854 4348 01
872 4274 984 4347 audax
1003 4298 1119 4347 rerum
1138 4278 1282 4368 scriptor
