3148 5042
735 513 897 577 „62-

253 681 344 761 cent,
355 674 552 765 philosophi
565 671 867 764 disputationibus,
883 693 1003 742 rerum
1017 673 1199 763 scriptores
1215 677 1380 744 narratio-

255 792 368 874 nibus,
391 813 461 860 non
486 791 611 858 mirum
633 796 686 859 est
713 791 742 859 si
768 797 919 858 oratores
943 789 1158 859 orationibus
1187 790 1260 859 suis
1287 789 1383 882 large

254 908 430 996 effuseque
453 908 692 986 intexuerunt,
722 926 802 973 cum
830 905 1024 990 auditoreS,
1051 904 1174 974 litteris
1200 906 1324 974 eruditi
1349 915 1383 976 et

255 1026 291 1092 in
309 1023 384 1093 foro
404 1023 512 1091 autin
531 1021 708 1090 auditoriis
723 1021 892 1104 viventes,
909 1021 1081 1110 imprimis
1101 1021 1155 1089 bis
1171 1024 1383 1116 ornamentis

256 1138 426 1208 retinendi
444 1144 477 1207 et
496 1136 689 1206 delectandi
707 1143 799 1206 sunt.

299 1253 396 1321 Adde
416 1251 507 1341 quod
530 1252 581 1319 illi
596 1251 769 1320 auditores
784 1271 826 1320 ex
845 1251 992 1320 officinis
1010 1251 1189 1320 rhetorum
1209 1252 1379 1337 exierunt,

257 1369 539 1457 recitationesque
559 1367 701 1436 laudant
723 1374 757 1436 et
786 1373 989 1457 sequuntur,
1014 1367 1211 1436 recitatores
1239 1374 1273 1436 et
1300 1368 1380 1457 ipsi.

255 1483 353 1552 Adde
365 1483 457 1572 quod
472 1484 665 1551 recitatores
680 1481 813 1550 ardenti
824 1483 1010 1551 cartamine
1020 1483 1055 1548 in
1067 1482 1141 1551 dies
1149 1483 1383 1571 pulchriorem

255 1607 290 1668 ct
310 1599 516 1667 ornatiorem
532 1597 733 1683 orationem,
747 1597 1004 1686 sententiasque
1021 1597 1207 1666 crebriores
1227 1600 1382 1688 argutio-

257 1734 379 1804 rasque
412 1714 568 1782 invenire
600 1713 768 1781 nituntur.
796 1713 877 1794 Quis
909 1733 950 1782 eo
985 1718 1138 1803 tempore
1177 1713 1308 1782 nudam
1348 1721 1384 1784 et

256 1831 387 1900 lentam
409 1829 644 1918 antiquitatem
675 1828 829 1897 tulisset?
850 1826 1080 1907 Quamobrem
1109 1829 1224 1898 Cassio
1254 1832 1382 1899 Severo

255 1945 361 2014 oratio
388 1946 497 2012 inerat
525 1971 541 2006 ι(
564 1943 781 2032 ingentibus¹
801 1943 905 2033 plana
928 1945 1109 2013 sententiis
1132 1972 1162 2011 ».
1187 1945 1237 2014 Ne
1264 1951 1383 2015 autem

256 2061 322 2129 hoc
337 2059 579 2128 obliviscamur
601 2085 617 2120 «
639 2059 726 2126 vivae
747 2059 946 2127 sententiae²
968 2086 999 2126 ».

299 2176 444 2243 Necesse
459 2181 511 2242 ast
524 2174 589 2242 hoc
604 2173 733 2262 aliquot
746 2169 913 2262 exemplis
925 2175 1191 2244 confirmemus?
1201 2203 1217 2238 «
1229 2175 1384 2246 Deinde³

255 2287 308 2378 vis
327 2307 448 2355 verum
465 2305 569 2373 quare
584 2305 654 2354 non
670 2284 815 2353 moriar?
834 2285 977 2360 Interim
995 2285 1075 2373 quia
1089 2294 1172 2376 puto
1192 2293 1224 2355 te
1243 2287 1346 2357 vella.
1363 2316 1380 2352 »

303 2431 319 2465 «
344 2401 621 2490 adhibeturqua⁴
646 2401 689 2470 ad
713 2421 753 2471 ea
773 2403 992 2491 magistratus
1016 2401 1059 2471 ob
1084 2403 1285 2489 custodiam,
1310 2426 1384 2474 non

256 2516 300 2586 Ob
315 2517 477 2612 laetitlam.
494 2544 511 2580 u

303 2661 319 2695 a
336 2634 412 2700 Non
427 2632 476 2700 illi
490 2635 500 2668 ⁵
516 2633 614 2722 pejus
629 2632 758 2716 dicunt,
776 2632 837 2702 sed
851 2633 887 2701 hi
903 2635 1096 2723 corruptius
1109 2635 1275 2724 judicant.
1293 2666 1310 2701 »

300 2747 495 2816 Orationem
509 2748 613 2837 igitur
632 2748 779 2818 habebat
791 2776 807 2812 «
825 2749 920 2818 cultu
934 2750 1129 2818 valentem⁸
1148 2777 1165 2812 θ
1184 2757 1221 2819 ut
1235 2773 1381 2824 consue·

255 2861 365 2930 tudini
387 2864 493 2931 aetatis
517 2884 589 2931 suae
612 2862 872 2951 obsequeretur,
897 2891 913 2926 «
935 2865 1182 2956 ardentemque
1203 2877 1237 2937 et
1266 2871 1382 2937 conci·

254 2980 379 3046 tatam⁷
396 3005 427 3062 n,
450 2985 486 3046 ut
506 2979 645 3066 ingenio
661 2999 723 3047 suo
739 2979 946 3070 indulgeret.

290 3083 492 3162 Habebat«
523 3093 689 3182 phrasin⁸
715 3115 785 3163 non
817 3096 996 3185 vulgarem
1023 3117 1087 3166 nec
1108 3099 1295 3184 sordidam,
1319 3102 1382 3170 sed

253 3211 388 3292 lectam,
410 3231 519 3300 genus
543 3209 679 3278 dicendi
702 3230 773 3278 non
792 3213 976 3280 remissum
1001 3219 1059 3282 aut
1082 3215 1295 3306 languidum,
1318 3216 1382 3287 sed

253 3325 377 3421 ardens
393 3334 426 3394 et
441 3327 660 3410 concitatum,
684 3346 752 3393 non
773 3327 884 3395 lentas
900 3348 963 3396 nec
977 3349 1103 3398 vacuas
1118 3331 1377 3421 explicationes,

254 3439 315 3528 sed
331 3442 408 3530 plus
425 3461 590 3510 sensuum
611 3462 714 3529 quam
729 3441 914 3511 verborum
931 3443 1097 3515 habentes
1115 3475 1145 3517 θ,
1195 3435 1202 3454 “

298 3557 342 3623 ΙΙΙ
356 3556 522 3644 exemplis
541 3563 640 3624 utar:
660 3583 677 3618 a
694 3557 835 3626 Νθεθίο9
851 3559 909 3646 qui
931 3561 1111 3630 conviciati
1132 3563 1218 3648 sint;
1243 3570 1277 3632 et
1295 3570 1380 3653 puto

254 3678 380 3740 stoicos
395 3671 500 3739 fuisse
518 3697 547 3738 ».

297 3787 412 3865 «Quid
426 3787 529 3856 facies
540 3789 562 3822 ¹⁰
578 3807 656 3854 cum
671 3786 708 3854 in
722 3786 814 3856 bona
825 3793 882 3858 tua
896 3790 1077 3861 invasere?
1088 3813 1169 3862 oum
1183 3799 1216 3863 te
1227 3794 1378 3864 docuero

248 3904 380 3973 nescire
396 3902 619 3972 maledicere?
638 3929 654 3965 »

262 4093 299 4138 vr.
316 4054 385 4150 saa,
402 4089 485 4146 cont,
505 4089 548 4151 111,
571 4089 656 4152 prat,
672 4092 695 4138 a.
712 4091 934 4155 -r.10.,au·a‚
955 4095 993 4144 18.
1008 4123 1040 4132 -
1058 4097 1082 4146 a.
1103 4097 1186 4155 cont,
1204 4097 1259 4158 vn,
1277 4097 1314 4158 ra,
1330 4100 1373 4148 ro.

245 4164 307 4210 -t.
325 4160 406 4218 Cant,
423 4162 466 4216 ΙΙΙ,
482 4164 521 4221 25,
538 4165 575 4211 ta.
591 4190 622 4198 -
640 4165 663 4212 5.
679 4161 763 4224 Cant,
778 4162 823 4224 ΙΙΙ,
841 4165 924 4225 praec,
941 4168 980 4215 ta.
996 4194 1026 4203 -
1043 4169 1066 4217 6.
1084 4167 1171 4230 Cant,
1188 4168 1230 4226 ΙΙΙ,
1248 4171 1333 4231 ρθωί,
1352 4172 1375 4218 2.

245 4235 309 4352 -v-Htl.
325 4229 403 4351 labidd
416 4234 439 4282 Ι.
455 4259 486 4267 -
498 4231 595 4282 attic.
615 4261 647 4270 -
660 4235 684 4282 9.
700 4234 799 4294 Qotrr„
811 4235 878 4286 lost.
893 4235 978 4298 Orat,
996 4237 1040 4300 Vl,
1054 4239 1077 4300 3,
1091 4239 1129 4289 ta.
1144 4241 1223 4290 -ta
1236 4240 1284 4300 lo.,
1299 4239 1375 4298 ibid„

308 4338 315 4364 ,
345 4337 351 4362 ,
399 4337 405 4352 .
