3094 5062
226 685 420 776 ingenuum
455 685 626 778 pudorem
661 686 918 777 consumpsisti.
952 687 1026 754 Hoc
1062 706 1193 754 novum
1224 692 1277 754 est
1312 692 1347 754 et

226 801 420 872 inauditum
455 802 683 872 contumelias
717 803 755 870 in
796 807 932 892 quaestu
967 800 1093 870 habere
1132 807 1169 870 et
1202 801 1346 890 injurias

225 917 349 1010 pacisci
363 919 387 988 ¹.
404 945 422 982 a

275 1033 443 1104 Praeterea
456 1034 555 1104 laetos
567 1033 642 1104 dies
659 1035 771 1125 poetis
784 1033 959 1103 canendos
972 1033 1183 1122 relinquunt,
1198 1039 1235 1100 et
1246 1030 1348 1100 mdia

230 1148 392 1220 humanae
404 1151 484 1220 vitae
498 1149 685 1242 depingere
697 1150 872 1220 interdum
886 1149 1047 1240 gaudent.
1058 1177 1075 1210 «
1088 1149 1171 1226 Quis
1183 1149 1348 1216 miratur²

229 1264 524 1338 llerehominem?
537 1267 626 1336 Hinc
643 1267 788 1336 infantia
805 1267 923 1356 incipit
929 1287 940 1349 ;
958 1267 994 1332 in
1008 1265 1098 1333 hanc
1110 1264 1345 1333 nenessitatem

228 1381 433 1474 plerumque
457 1383 595 1453 fortuna
622 1382 774 1452 deducit.
799 1383 882 1462 Quis
904 1383 998 1451 enim
1020 1387 1074 1450 est
1096 1379 1170 1449 dies
1191 1380 1251 1468 qui
1275 1399 1347 1446 non

228 1499 326 1568 triste
349 1497 480 1588 aliquid
503 1505 538 1568 et
563 1498 676 1568 llehile
706 1498 807 1568 nohis
833 1498 1005 1566 minetur?
1026 1497 1060 1564 Si
1084 1495 1217 1563 nullam
1243 1495 1347 1561 aliam

226 1613 396 1684 rationem
415 1613 632 1684 lacrimarum
649 1614 868 1699 haberemus,
883 1619 1086 1703 conspectus
1104 1613 1220 1680 tamen
1233 1609 1347 1678 homi-

229 1749 315 1800 num
336 1735 372 1798 et
398 1730 485 1799 ratio
506 1731 722 1801 mortalitatis
747 1735 881 1820 poterat
901 1729 1026 1798 elicere
1047 1727 1160 1795 fletus.
1180 1727 1239 1794 Hae
1261 1724 1348 1792 ami·

232 1845 334 1932 citiae,
355 1844 411 1914 hae
434 1847 717 1937 propinquitates,
739 1848 776 1916 hi
800 1865 1017 1936 congressus,
1042 1844 1117 1912 haec
1139 1841 1251 1912 studia
1272 1842 1350 1910 lau-

231 1958 361 2052 desque
384 1961 473 2032 intra
497 1961 601 2034 breve
628 1965 793 2053 temporis
819 1968 1036 2031 momentum
1062 1959 1219 2028 occident
1246 1964 1350 2047 etque

230 2073 400 2148 labentur.
418 2077 548 2158 Quotus
567 2079 712 2168 quisque
730 2078 851 2146 transit
868 2076 943 2146 dies
961 2095 1030 2165 quo
1049 2095 1120 2143 non
1138 2072 1243 2143 funus
1261 2073 1351 2140 acci-

225 2189 372 2284 piamus.
391 2219 408 2256 a

273 2305 442 2398 Denique,
463 2328 542 2377 cum
559 2316 694 2379 veteres
712 2307 800 2375 nihil
818 2305 912 2376 aliud
935 2305 1002 2374 nisi
1027 2324 1065 2374 se
1087 2305 1180 2393 ipsos
1199 2321 1351 2390 suosque

231 2419 323 2494 cives
346 2430 517 2512 curarent,
540 2424 604 2511 illi,
625 2427 723 2514 quasi
742 2430 835 2492 trans
854 2422 975 2492 urbem
992 2428 1027 2490 et
1044 2420 1200 2510 petriam,
1219 2425 1352 2487 ceteros

230 2533 389 2608 homines
414 2557 490 2611 esse
518 2559 589 2610 non
618 2540 788 2626 nesciunt,
813 2545 992 2628 totumque
1020 2556 1129 2627 genus
1157 2535 1351 2604 humanum

230 2651 378 2744 quadarn
401 2655 539 2726 caritate
566 2657 849 2747 complectuntur.
874 2655 1002 2724 Omnes
1029 2673 1175 2721 eversu
1202 2649 1352 2728 Terentii

231 2787 302 2840 non
333 2766 556 2858 dissentiunt;
587 2791 710 2842 omnes
742 2770 932 2841 dolentium
960 2774 995 2839 et
1026 2788 1217 2858 pauperum
1244 2766 1350 2835 mise·

229 2889 358 2954 rentur.
376 2884 472 2976 Saepe
484 2887 678 2958 exclamant
691 2886 869 2955 rhetores:
888 2912 905 2948 «
924 2883 1113 2953 Misericors
1127 2903 1217 2951 sum.
1236 2907 1252 2944 a
1271 2881 1353 2950 Sine

231 2997 464 3070 misericordia
489 3001 532 3072 de
559 3021 685 3092 genere
712 3001 865 3070 humano
894 3007 1008 3069 actum
1035 3005 1136 3068 esset.
1161 2997 1353 3066 «Perierat

230 3121 321 3186 totus
336 3113 428 3186 orbis
448 3116 512 3186 nisi
530 3117 615 3186 iram
633 3117 748 3186 finiret
768 3114 1001 3186 misericordia
1014 3117 1038 3184 ³.
1055 3142 1072 3177 n
1088 3115 1188 3182 Hunc
1205 3111 1353 3201 probant

174 3319 180 3334 ⁸
226 3230 390 3322 juvenem
413 3232 472 3322 qui
494 3259 510 3294 «
532 3231 576 3302 ed
596 3231 828 3323 prestandam
853 3231 1060 3300 calamitosis
1084 3225 1352 3298 misericordiam

231 3351 413 3417 contumax
440 3351 517 3420 est‘
537 3373 573 3436 »3
599 3347 787 3437 additque:
813 3376 829 3411 «
846 3348 957 3416 Homo
981 3352 1033 3416 est
1055 3371 1063 3414 :
1088 3365 1159 3415 non
1183 3345 1236 3415 vis
1261 3343 1352 3410 alam

234 3459 431 3532 hominem?
453 3489 468 3526 >›
488 3465 567 3534 Haec
585 3463 697 3534 dicere
715 3463 867 3554 gaudent
888 3485 896 3531 :
923 3490 939 3526 α
956 3463 1083 3530 Omnes
1101 3466 1225 3550 praeter
1247 3458 1351 3526 istum

234 3576 470 3648 misericordes
489 3601 611 3650 sumus
624 3583 647 3650 ⁸.
667 3607 683 3642 »
701 3581 773 3659 Qua
791 3580 827 3648 in
847 3577 1077 3648 controversia
1096 3582 1166 3646 tota
1181 3574 1226 3644 de
1244 3593 1353 3662 expo·

236 3692 308 3765 sitis
332 3691 514 3764 debilitatis
533 3694 731 3766 dulcissima
759 3694 990 3764 misericordia
1016 3693 1171 3762 rhetores
1199 3709 1352 3759 commo-

233 3815 367 3880 ventur.
391 3809 476 3892 Ouid
497 3809 540 3882 de
558 3811 623 3882 hac
641 3812 872 3882 controversia
890 3810 1001 3878 dicam
1024 3808 1060 3876 in
1084 3829 1151 3897 qua
1171 3834 1188 3871 α
1210 3805 1351 3874 divitem

234 3923 489 3996 adulescentem
504 3929 515 3964 ⁶
533 3926 705 3998 abdicatos
724 3927 944 4018 recipientem
964 3932 998 3994 et
1016 3923 1059 3994 de
1079 3944 1141 3992 suo
1163 3922 1313 3990 alentem
1333 3945 1349 3982 »

233 4040 417 4114 videmus?
450 4043 512 4124 Qui
549 4045 641 4114 enim
682 4072 698 4108 «
733 4048 848 4134 pastor
879 4041 1114 4112 abdicatorum
1147 4066 1164 4102 »
1199 4035 1352 4106 clemens

263 4237 285 4286 l.
300 4235 399 4298 Quian,
417 4251 443 4300 p.
461 4239 513 4290 tlt.
525 4265 557 4276 —
571 4239 594 4288 2.
612 4239 661 4300 ln,
676 4251 702 4300 p.
716 4241 770 4290 245.
785 4266 816 4275 —
829 4240 852 4288 ³.
868 4237 937 4300 Seu,
948 4236 1033 4296 Cant,
1048 4235 1068 4299 1,
1086 4237 1109 4285 t.
1124 4248 1150 4298 p.
1167 4234 1204 4283 58.
1217 4258 1249 4268 —
1262 4233 1286 4282 l.
1302 4230 1351 4298 ln,

230 4304 305 4370 talc..
318 4321 343 4372 p.
359 4309 398 4358 tt.
412 4335 444 4346 -
458 4309 481 4360 t.
498 4307 567 4374 Sacc,
581 4309 667 4372 Ceut,
679 4309 710 4372 x,
725 4311 764 4372 ³3,
783 4324 809 4373 p.
825 4311 879 4360 alo.
897 4337 929 4346 —
943 4312 966 4359 6.
982 4307 1080 4369 Quian,
1099 4319 1124 4370 p.
1143 4305 1226 4356 61-69.
