3094 5062
739 474 898 538 -302-

255 646 481 732 persequatur
498 666 514 701 ι
532 641 554 723 ¹,
570 639 628 726 qui
644 637 831 726 saepissime
846 637 996 725 puellam
1012 645 1154 727 raptam,
1171 640 1285 708 virum
1306 640 1376 708 for·

254 765 336 838 tem,
360 757 469 824 filium
498 755 704 838 abdicatum,
730 755 924 843 piratasque
954 754 1194 823 misericordes
1220 735 1255 824 et
1284 756 1378 826 diros

256 882 420 962 tyrannos
446 872 481 937 in
506 871 576 938 suis
600 869 842 938 controversiis
867 868 1066 952 ostendunt,
1102 871 1270 959 puerilem
1305 893 1376 940 rem
1467 880 1468 885 ’

254 1009 355 1078 agere
370 987 540 1055 videntur.
559 986 652 1053 Multi
672 990 787 1053 tamen
808 985 866 1073 qui
886 985 989 1053 stulte
1004 984 1161 1054 dicebant
1184 1007 1254 1055 non
1275 989 1379 1056 stulte

255 1100 629 1192 cogitaban13quidam
659 1120 739 1168 vero
770 1127 786 1162 n
815 1100 897 1167 vitia
925 1121 987 1167 sua
1015 1106 1049 1168 et
1076 1101 1319 1190 intellegebant
1343 1112 1378 1171 et

254 1219 413 1286 amabant
438 1245 454 1278 »
472 1219 499 1300 ²3
529 1216 668 1305 quidam
691 1236 727 1283 se
753 1242 769 1277 a
797 1216 947 1305 ineptam
976 1216 1181 1284 sententiam
1209 1215 1375 1286 dixisse»

254 1336 459 1418 fatebantur,
481 1341 518 1400 ut
542 1334 674 1400 Cestius
697 1332 755 1420 qui
778 1331 851 1400 haec
869 1332 1043 1400 notatione
1068 1330 1172 1420 digna
1201 1333 1373 1402 addebat:

256 1478 272 1513 ιι
290 1451 395 1518 Multa
414 1449 489 1516 dieo
515 1469 586 1515 non
608 1447 687 1534 quia
707 1447 790 1513 mihi
810 1448 958 1535 placent,
976 1448 1036 1517 sed
1056 1450 1135 1536 qnia
1156 1433 1377 1518 audientibus

255 1567 418 1656 placitura
437 1569 517 1632 snat
532 1566 542 1598 ³
563 1590 594 1630 ι.
616 1564 681 1631 Alii
698 1562 857 1652 quaedam
875 1590 891 1625 ι(
908 1565 983 1632 sine
1005 1584 1111 1632 sensu
1127 1564 1244 1634 dicunt
1260 1567 1271 1600 ⁴
1287 1593 1319 1651 n,
1336 1575 1376 1634 ut

254 1681 356 1752 verba
378 1679 492 1749 verbis
508 1679 649 1748 omnino
666 1678 907 1768 respondeant.

298 1798 420 1866 Nonne
444 1802 559 1864 autem
587 1795 683 1863 decet
711 1816 772 1883 pro
804 1795 856 1862 his
880 1797 946 1864 reis
975 1795 1104 1884 aliquid
1134 1796 1377 1886 dicerentque

200 1949 202 1954 ·
254 1914 359 2003 hujus
370 1912 490 2002 judicii
509 1911 727 1981 acerbitatem
748 1911 923 2000 mitigare?
944 1913 1065 1980 Nonne
1080 1913 1286 2001 injuriosum
1301 1917 1377 1983 esse

163 2089 166 2094 .
256 2029 389 2098 vitietur
421 2029 659 2098 tantummodo
698 2049 832 2097 errores
869 2035 902 2096 et
935 2027 1042 2112 vitia,
1083 2049 1262 2116 nunquam
1295 2012 1376 2099 vero

255 2146 397 2214 virtutes
431 2144 695 2213 declamantium
729 2145 880 2233 aspicere
912 2152 945 2212 et
979 2143 1182 2212 ostendere?
1215 2147 1376 2224 eramvis

255 2262 348 2330 enim
391 2281 512 2329 eorum
548 2281 659 2348 genus
696 2259 831 2328 dicendi
876 2281 1083 2349 magnopere
1117 2260 1218 2328 nobis
1257 2260 1375 2350 displi-

255 2383 340 2460 ceat,
368 2397 484 2445 nonne
512 2375 677 2465 quasdam
712 2397 766 2444 res
795 2376 897 2444 utiles
925 2375 967 2442 ab
998 2377 1069 2444 illis
1103 2396 1238 2445 sumere
1262 2377 1376 2466 potui-

256 2496 354 2561 mus?

299 2609 420 2676 Nonne
440 2608 512 2675 lnec
531 2608 701 2676 sententia
720 2606 822 2696 paulo
847 2606 965 2676 durior
989 2611 1061 2676 est?
1085 2635 1101 2669 ι(
1133 2606 1379 2676 Adulterantur

255 2726 365 2813 leges,
396 2722 672 2791 adulterantur
661 2724 752 2812 Juris
782 2723 914 2790 romani
951 2723 1133 2805 vocabula,
1167 2722 1378 2791 adulteratur

255 2840 407 2908 historia.
429 2839 515 2907 Sunt
503 2845 580 2906 ex
599 2860 641 2906 ns
661 2839 813 2938 materiis
834 2838 991 2927 quadam
1008 2839 1178 2922 obscenae
1201 2845 1283 2906 sunt
1303 2861 1379 2928 quae

254 2955 310 3023 tel
343 2954 576 3022 sanctissimos
609 2961 740 3022 naturae
774 2974 908 3038 sensns,
940 2942 1098 3041 pietatem
1133 2954 1260 3022 scilicet
1248 2961 1379 3078 terga

162 3105 165 3110 ·
255 3069 834 3162 ιιιιιιιιιιθι,1ιιι1ι1ιιιο1ιιι1ιθιιιιι

298 3186 449 3254 Primum
471 3186 563 3254 enirn
584 3186 758 3253 neminem
778 3186 844 3254 hoc
862 3185 949 3273 fugit
969 3185 1253 3254 declamationem
1272 3186 1315 3255 ab
1335 3189 1378 3257 iis

253 3304 310 3391 qui
327 3301 574 3371 declamatores
593 3306 759 3370 vocantur
778 3322 849 3369 non
872 3301 1049 3370 inventam
1070 3323 1161 3388 esse3
1185 3302 1245 3370 sed
1268 3304 1378 3384 molto

253 3422 346 3500 ante,
367 3417 465 3482 Tullii
492 3423 656 3504 tempore,
681 3415 958 3497 declamationes
987 3417 1157 3484 suasorias
1180 3427 1212 3486 et
1238 3425 1378 3487 contro-

255 3530 395 3614 versias,
413 3551 430 3597 a
456 3529 642 3599 domestica
664 3530 806 3599 historia
825 3540 883 3599 aut
902 3531 1066 3600 afabulis
1086 3531 1296 3622 desumptas,
1321 3535 1380 3613 vel

254 3652 369 3713 mente
384 3645 560 3712 rhetorum
575 3646 682 3728 fictas,
701 3667 790 3736 saepe
805 3652 961 3715 tractatas
975 3667 1064 3716 esse.
1084 3649 1218 3716 Etenim
1230 3649 1381 3718 inlibris

255 3761 442 3842 rhetoricis,
476 3769 512 3827 ut
536 3761 600 3830 hoc
624 3763 780 3852 exemplo
807 3769 892 3846 utar,
916 3784 1002 3851 quos
1027 3763 1141 3832 Cicero
1167 3765 1216 3832 ad
1240 3770 1381 3834 Heren-

253 3879 354 3946 aiam
369 3883 401 3946 et
417 3879 683 3978 de‘Iaoentione
700 3878 846 3966 scripsit,
870 3877 1127 3966 deprehendere
1146 3879 1224 3948 lieet
1245 3881 1381 3968 aliquot

285 4116 307 4164 1.
318 4116 388 4174 Tio,
404 4116 474 4166 Diai.
490 4118 528 4166 35.
543 4145 574 4151 -
589 4119 611 4164 2.
628 4116 727 4174 Sanno,
741 4115 872 4176 Contrua,
893 4117 936 4178 IX,
953 4119 992 4176 29,
1007 4118 1045 4165 11.
1061 4143 1091 4152 -
1106 4119 1129 4166 3.
1145 4117 1193 4178 lm,
1208 4115 1281 4177 itta,
1295 4117 1332 4164 tn.
1348 4144 1382 4154 -

252 4187 274 4234 1.
291 4185 360 4246 Sara,
377 4185 508 4245 Contrua,
529 4188 571 4247 IX,
590 4190 613 4247 2,
631 4189 654 4234 9.
670 4215 700 4222 -
715 4190 738 4236 5.
757 4187 899 4249 citissimo,
917 4188 954 4236 De
972 4189 1175 4252 corruptumst
1194 4187 1341 4236 Ciceronem
1364 4202 1383 4238 a

251 4255 470 4307 declamatoribus
491 4257 641 4322 eloquentia
656 4259 744 4322 (1852),
760 4273 786 4321 p.
805 4261 884 4308 34-35.
