3094 5062
736 544 897 608 ..34-
1003 623 1006 627 ι

248 709 327 797 lege
341 705 523 776 manifesta
537 712 630 792 sunt,
641 705 700 774 illa
713 726 755 775 ex
770 705 930 794 aequitate
941 708 962 774 ¹.
979 731 995 768 s
1006 745 1050 757 -
1062 733 1079 769 «
1094 707 1201 776 (lausa
1216 708 1321 798 exigit
1336 717 1374 778 ut

250 824 446 912 equitatem
461 841 598 912 quoque
613 821 699 910 legis
714 821 910 891 intueamur
922 823 945 888 ¹.
964 849 980 884 »
991 859 1036 872 --
1047 848 1063 884 κ
1080 822 1202 892 Divisit
1216 823 1315 893 Latro
1336 825 1373 893 in

245 940 303 1028 jus
319 945 353 1008 et
369 937 575 1027 aequitatem.
594 935 756 1015 Quaedam
769 937 895 1026 injure
909 938 1116 1026 nonscripta
1131 937 1191 1006 sed
1207 940 1375 1010 omnibus

248 1054 676 1145 scriptiscertiorasunt³.
697 1080 714 1114 »
1463 1050 1466 1055 ’

294 1169 440 1249 Quidam
459 1167 574 1238 verbis
594 1165 910 1257 interpretationem
936 1166 1082 1256 adjicere
1103 1189 1172 1238 non
1201 1170 1371 1242 dubitant.

249 1313 266 1350 a
296 1287 335 1354 In
366 1284 528 1354 omnibus
555 1284 690 1372 legibus
718 1285 828 1352 solam
859 1285 1003 1373 spectari
1030 1290 1165 1375 oportet
1192 1287 1372 1358 scribentis

245 1403 473 1471 voluntatem.
495 1399 608 1470 Verba
632 1400 725 1469 enim
748 1399 908 1489 ambigua
927 1405 962 1469 et
980 1399 1014 1466 iu
1035 1401 1152 1490 plures
1174 1401 1371 1473 intellectus

246 1518 348 1586 ducta
368 1524 460 1600 sunt,
480 1514 738 1585 scribendarum
754 1517 870 1605 legum
889 1536 990 1585 causa
1003 1519 1164 1586 voluntas
1181 1518 1245 1586 fuit
1262 1520 1286 1586 ⁴.
1307 1547 1324 1582 »

289 1634 307 1701 J
310 1653 370 1701 ure
386 1633 490 1722 igitur
504 1632 698 1720 aequitatem
717 1632 947 1720 antiquiorem
961 1652 1050 1718 esse,
1068 1632 1129 1701 sed
1149 1632 1251 1702 etiam
1266 1655 1367 1725 aequo

240 1750 319 1839 jure
343 1768 464 1817 omnes
495 1747 654 1816 homiues
682 1747 776 1816 nasci
804 1747 1018 1837 profitentur.
1048 1775 1064 1810 u
1095 1748 1259 1818 Albucius
1284 1750 1371 1819 dixit

243 1865 421 1934 neminem
451 1868 569 1932 natum
597 1862 744 1932 liberum
773 1883 866 1948 esse,
897 1863 1073 1932 neminem
1106 1884 1262 1952 servum;
1293 1866 1369 1935 haec

243 1985 362 2070 postea
376 1980 519 2049 nomina
533 1979 680 2070 singulis
693 1979 900 2069 imposuisse
912 1980 1086 2049 fortunam
1100 1983 1123 2047 ⁸.
1148 2008 1164 2043 »

286 2098 363 2165 Nou
386 2095 490 2165 modo
515 2102 653 2186 propter
674 2094 852 2165 mendicos
882 2095 1076 2165 debilitatos
1100 2095 1236 2165 Cassius
1263 2097 1372 2168 Seve-

242 2234 300 2280 rus
321 2213 512 2282 exclamat:
533 2239 549 2274 «
571 2213 625 2280 Sic
649 2211 724 2280 sine
743 2211 946 2281 satellitibus
964 2215 1133 2300 tyrannus
1156 2211 1367 2282 calamitates

242 2328 412 2397 humanas
441 2327 616 2418 dispensat
639 2330 661 2396 ⁶.
692 2327 797 2397 »Sed
824 2328 927 2397 etiam
955 2326 1126 2398 Labienus
1148 2334 1307 2418 potentes
1332 2334 1367 2398 et

241 2465 340 2532 reges
359 2445 414 2512 his
434 2443 550 2514 verbis
572 2443 718 2513 lacessit.
736 2471 752 2506 α
771 2443 944 2530 Principes
961 2443 1026 2513 viri
1041 2445 1052 2479 ⁷
1066 2449 1184 2513 eontra
1203 2449 1363 2513 naturam

240 2560 377 2630 divitias
393 2581 473 2629 suas
488 2565 668 2629 exercent:
687 2564 910 2630 castratorum
920 2579 1041 2649 greges
1051 2559 1191 2641 habeut,
1207 2559 1364 2630 exoletos

239 2697 323 2746 suos
346 2683 384 2744 ut
403 2675 447 2745 ad
466 2677 658 2766 longiorem
679 2676 877 2766 patientiam
900 2675 1121 2765 impudicitiae
1140 2675 1255 2745 idonei
1280 2677 1363 2761 sint,

238 2799 429 2884 amputant,
447 2797 481 2863 et
496 2793 575 2883 quia
590 2792 684 2882 ipsos
695 2791 803 2882 pudet
816 2793 910 2861 viros
927 2812 1016 2876 esse,
1035 2791 1071 2860 id
1086 2799 1193 2882 agunt
1206 2798 1245 2861 ut
1258 2812 1363 2880 quam

237 2909 436 2999 paucissimi
451 2909 530 2977 sint.
550 2910 674 2977 Curare
689 2908 790 2976 nobis
801 2909 838 2975 in
854 2913 1006 2976 mentem
1019 2908 1115 2977 venit
1129 2908 1206 2997 quis
1220 2928 1263 2977 ex
1278 2909 1365 2976 soli-

238 3025 359 3095 tudine
369 3025 518 3094 infantes
527 3026 658 3094 auferat
668 3025 837 3114 perituros
848 3024 914 3092 uisi
924 3024 1221 3111 auferantur3non
1232 3026 1361 3094 curatis

238 3140 332 3232 quod
366 3140 568 3210 solitudines
600 3161 681 3211 suas
711 3141 766 3208 isti
794 3139 883 3209 beati
916 3140 1148 3230 ingenuorum
1180 3141 1363 3229 ergastulis

237 3258 413 3346 excolunt,
436 3278 506 3327 non
527 3258 651 3326 curatis
671 3256 762 3347 quod
779 3257 948 3344 juvenum
968 3257 1171 3326 miserorum
1194 3255 1363 3345 simplici-

239 3381 342 3444 tatem
365 3376 580 3443 circumeunt
598 3379 632 3442 ot
651 3373 943 3463 speciosissimum
966 3392 1137 3462 quemque
1153 3391 1193 3440 ac
1211 3373 1361 3442 maxime

236 3469 409 3559 idoneum·
433 3491 551 3558 castris
577 3489 614 3556 in
637 3487 761 3556 ludum
788 3489 987 3578 conjiciunt.
1013 3489 1053 3556 In
1077 3496 1233 3557 mentem
1261 3488 1363 3558 vobis

236 3594 516 3676 venit'misereri
544 3604 669 3673 horum
701 3603 794 3693 quod
826 3603 981 3673 membra
1013 3624 1084 3673 non
1118 3603 1285 3687 habeaut;
1318 3643 1364 3656 -

237 3721 357 3811 quidni
391 3720 530 3789 illorum
559 3719 652 3810 qued
681 3720 829 3789 habeut?
852 3723 895 3789 Et
922 3720 988 3790 hoc
1020 3739 1146 3810 genere
1174 3721 1364 3790 insectatus

238 3838 354 3908 saeouli
379 3838 462 3906 vitia
486 3837 622 3927 egregio
644 3837 754 3926 figura
776 3835 993 3925 inquinatum
1018 3843 1051 3905 et
1074 3836 1240 3905 infamem
1262 3856 1363 3905 reum

237 3955 410 4042 maiorum
430 3953 614 4023 criminum
633 3953 837 4043 impunitate
854 3951 1020 4022 defendit.
1040 3979 1056 4016 ›>

268 4192 290 4239 l.
307 4189 342 4239 M.
360 4189 422 4240 Fas.
441 4189 532 4250 Qurur.
549 4187 796 4250 Declamationes...,
816 4201 843 4252 p.
864 4189 918 4238 122.
930 4214 962 4224 -
976 4189 1000 4237 2.
1019 4185 1067 4249 lo..
1085 4199 1111 4249 p.
1127 4187 1181 4236 att.
1201 4212 1233 4222 -
1251 4188 1274 4236 3.
1292 4185 1363 4247 Suu,

236 4275 262 4398 p.
279 4264 366 4383 3322}
385 4264 409 4313 t.
429 4264 529 4324 Quum„
546 4275 572 4324 p.
592 4263 647 4312 246.
669 4288 701 4299 -
720 4263 743 4312 5.
759 4260 827 4338 Suu,
842 4273 869 4325 p.
889 4260 944 4310 225.
959 4286 991 4296 -
1006 4261 1030 4310 6.
1050 4259 1098 4320 In,
1114 4273 1140 4322 p.
1156 4259 1211 4310 317.
1226 4285 1256 4294 —
1272 4260 1294 4306 l.
1310 4256 1365 4321 Ira,
