3094 5062
662 529 822 592 ..33-

176 691 391 762 audientium
410 683 510 759 au'res
529 688 684 758 delectat.
702 689 815 758 Oratio
839 688 982 779 quidem
1005 687 1300 778 splendidioribus

176 807 293 878 verbis
313 805 432 891 enitet,
448 804 509 874 sed
524 805 639 874 enitet.
655 805 751 874 Paria
772 803 913 894 quidem
932 803 1070 897 paribus
1090 804 1300 892 referuntur,

177 923 346 994 contraria
357 921 534 991 contrariis
547 927 781 1012 opponuntur,
791 921 885 1009 longi
897 928 932 990 et
946 921 1099 990 conclusi
1113 922 1301 992 verborum

176 1038 327 1108 ambitus
345 1037 587 1127 negleguntur,
609 1035 671 1105 scd
687 1035 809 1106 breves
832 1043 867 1105 et
884 1055 979 1107 acras
1003 1042 1200 1126 arguteque
1220 1058 1300 1106 sen·

176 1155 293 1223 tentiae
321 1152 498 1242 effulgent.
524 1151 623 1237 Vide,
646 1155 685 1219 ut
712 1171 755 1220 ex
781 1151 914 1220 infinita
941 1153 1179 1242 exemplorum
1199 1153 1302 1242 'copia

176 1269 286 1359 p'auca
295 1267 489 1357 decerpam,
505 1267 595 1336 hanc
609 1268 797 1337 suasoriam
811 1267 848 1334 in
863 1287 932 1356 qua
948 1292 965 1330 «
980 1268 1133 1336 Trecenti
1149 1268 1301 1338 Lacones

178 1391 296 1452 contra
318 1385 450 1453 Xersen
475 1384 582 1465 missi,
609 1403 688 1451 cum
714 1383 842 1452 treceni
866 1402 909 1451 ex
932 1384 1027 1450 omni
1050 1383 1176 1452 Graecia
1205 1385 1302 1453 missi

176 1500 359 1590 fugissent,
385 1498 575 1568 deliberant
602 1519 645 1567 an
671 1504 705 1568 et
730 1499 795 1588 ipsi
824 1497 957 1588 fugiant
979 1501 988 1533 ¹
1019 1526 1050 1566 ».
1080 1498 1166 1569 Vide
1197 1520 1302 1588 quam

178 1635 325 1686 nervose
353 1615 430 1684 haec
457 1614 707 1684 declamatores
728 1612 855 1684 dicant.
884 1614 1031 1683 «illecti
1068 1623 1205 1697 sumus,
1232 1635 1304 1683 non

178 1733 299 1802 relicti.
317 1732 427 1822 Turpe
442 1738 495 1802 est
508 1731 650 1800 cuilibet
666 1731 740 1800 viro
755 1730 896 1821 fugisse,
913 1731 1040 1800 Laconi
1054 1731 1158 1800 etiam
1175 1730 1305 1800 delibe-

177 1868 284 1918 rasse.
318 1849 344 1916 Ο
373 1867 477 1936 grave
513 1848 684 1936 majorum
714 1847 851 1917 virtutis
884 1846 1049 1916 dedecus!
1081 1847 1238 1948 Lacones
1268 1868 1306 1916 se

178 1969 374 2046 numerant,
401 1984 480 2062 non
500 1963 681 2032 aestimant.
705 1965 722 2026 t
748 1963 870 2032 Omnia
898 1963 971 2032 haec
996 1968 1091 2032 curta
1116 1963 1305 2031 maximam

177 2081 249 2149 vim
261 2079 401 2166 habent,
418 2080 465 2148 ita
479 2085 517 2148 ut
532 2080 627 2147 nulla
641 2079 711 2149 fere
726 2099 804 2168 pars
820 2078 994 2162 orationis,
1007 2078 1076 2147 illis
1086 2079 1189 2168 'quasi
1203 2079 1303 2147 lumi·

178 2197 283 2266 nibus
298 2196 489 2281 illustratae,
506 2196 643 2264 silentio
657 2196 866 2285 praetermitti
882 2195 1001 2284 possit.

223 2315 301 2381 Non
329 2313 444 2381 solum
472 2311 564 2402 quod
593 2311 713 2381 attinet
741 2312 784 2379 ad
818 2311 924 2381 verba
951 2309 1013 2380 sed
1045 2311 1149 2380 etiam
1177 2309 1305 2380 adres

179 2429 427 2498 declamatores
450 2426 580 2516 aliquid
601 2427 682 2497 novi
704 2427 851 2496 afferunt
864 2429 886 2494 ¹.
904 2427 1023 2496 Minus
1039 2426 1134 2496 enim
1157 2426 1306 2516 superbe

179 2552 213 2614 et
233 2564 365 2634 aspere,
382 2544 531 2613 leniores
551 2550 585 2613 et
604 2543 800 2613 subtiliores
819 2541 976 2633 quaedam
997 2549 1254 2632 persequuntur
1273 2548 1307 2610 et

178 2659 392 2751 perspiciunt
407 2680 482 2748 quaa
496 2659 540 2729 ad
559 2680 674 2729 mores
693 2659 844 2749 privatos
862 2665 921 2727 aut
940 2658 1051 2726 officia
1070 2658 1182 2726 civilia
1202 2658 1306 2746 perti·

180 2784 277 2846 nent.
295 2776 462 2846 Praeterea
481 2797 552 2845 non
566 2777 638 2866 jam
653 2776 766 2845 solum
782 2773 825 2843 ad
842 2773 965 2843 Urbem
981 2780 1015 2843 et
1034 2773 1126 2842 cives
1141 2793 1307 2842 romanos

178 2899 346 2983 spectant,
368 2890 429 2962 sed
444 2890 487 2960 ad
502 2892 638 2981 generis
653 2891 796 2960 humani
815 2891 1013 2960 universam
1027 2889 1236 2958 societatem.

222 3009 284 3078 lus
312 3015 346 3076 et
375 3008 568 3097 aequitatem
597 3008 784 3097 saepissime
808 3011 999 3097 opponunt.
1026 3005 1130 3073 Primi
1157 3005 1304 3074 fortasse

177 3123 374 3193 scholastici
394 3124 483 3191 nihil
501 3124 568 3192 nisi
594 3123 700 3192 verba
719 3124 898 3208 contraria,
919 3142 1001 3190 mox
1021 3121 1095 3190 sine
1116 3119 1222 3188 dubio
1249 3141 1303 3189 res

178 3239 432 3309 diversissimas
450 3238 622 3308 viderunt.
642 3267 658 3302 «
680 3241 762 3308 Haec
779 3240 867 3308 circa
880 3240 949 3327 jus,
967 3237 1027 3305 illa
1048 3237 1139 3305 eirca
1158 3235 1302 3324 aequita-

178 3362 249 3424 tem
264 3357 287 3424 ³.
305 3383 322 3418 »
339 3395 383 3407 -
395 3383 411 3418 «
428 3356 511 3424 Haec
525 3354 569 3423 ad
582 3356 651 3445 jus,
667 3355 726 3422 illa
741 3353 785 3422 ad
799 3355 994 3444 equitatem
1009 3355 1032 3420 ⁴.
1047 3377 1117 3417 1-
1129 3379 1146 3413 u
1165 3352 1246 3418 Haeo
1260 3370 1301 3421 ex

211 3589 234 3636 1.
249 3585 318 3648 San,
332 3586 419 3647 Suae,
432 3585 464 3635 ll.

210 3660 346 3719 2.Trv1aa‚
364 3673 406 3722 op.
419 3658 476 3718 cit,
490 3673 515 3720 p.
531 3661 609 3720 22-23,
625 3659 760 3722 imprimis
773 3673 799 3721 p.
817 3660 861 3708 116
877 3674 884 3708 :
901 3679 911 3700 ι
929 3659 1104 3720 Declamatio,
1121 3674 1183 3710 cum
1197 3673 1305 3723 semper

178 3743 250 3780 nova
264 3733 452 3791 aucuparetur,
462 3730 543 3780 altius
553 3730 681 3794 depressa
704 3730 840 3780 interdum
856 3731 941 3790 eruit3
957 3731 1082 3795 cogitatis
1105 3732 1160 3781 nisi
1175 3731 1303 3793 amplitu-

178 3801 271 3852 dinem
281 3800 456 3851 subtilitatem
470 3801 659 3865 certeadjecit.
669 3802 698 3850 ln
710 3800 829 3851 hominis
844 3806 940 3852 natura
950 3802 1074 3866 quedam
1090 3803 1180 3851 minus
1195 3802 1305 3863 cognita

177 3875 298 3924 scrutata
311 3876 368 3934 est3
383 3872 411 3922 in
431 3873 555 3923 oratione
574 3877 629 3924 tum
649 3872 737 3923 latius
754 3873 871 3923 effloruit
887 3877 943 3923 tum
958 3873 1078 3923 acriores
1091 3887 1188 3924 sensus
1205 3874 1303 3932 attulit,

178 3958 245 4009 ergo
257 3949 283 3994 et
295 3948 421 4006 argutum
432 3949 460 3994 et
474 3949 628 3995 contortum
644 3944 750 3998 dicandi
766 3958 850 4007 genus
864 3944 1043 4007 postulantes,
1058 3948 1085 3994 et
1103 3945 1176 4008 quod
1191 3944 1307 4006 ponderi

176 4017 220 4066 vel
244 4015 327 4077 copiae
353 4014 521 4078 detrahebat,
536 4016 661 4066 acumine
681 4015 817 4068 interdum
834 4015 967 4077 rependit.
982 4014 1048 4065 inde
1064 4016 1095 4064 fit
1107 4020 1136 4065 ut
1154 4019 1194 4066 tot
1209 4029 1306 4067 sensus

175 4089 219 4138 vel
234 4101 251 4136 a
267 4086 369 4136 Seneca
385 4085 427 4135 vel
445 4100 461 4136 a
479 4087 588 4137 Lucano
610 4088 736 4148 prolatos,
751 4086 779 4137 id
794 4092 835 4137 est
853 4101 870 4138 a
889 4086 981 4137 schola
1002 4087 1077 4150 quasi
1098 4087 1264 4150 prodeuntes
1279 4092 1307 4138 et

177 4157 367 4209 declamationi
381 4158 529 4219 proximos,
542 4163 599 4215 ‚mm
614 4158 731 4208 libenter
747 4159 893 4220 scriptores
907 4157 992 4208 nostri
1004 4159 1121 4209 mutuati
1137 4158 1201 4209 sint.
1220 4181 1231 4202 ι

209 4233 232 4350 Ξ.
246 4229 280 4350 plb.
295 4230 460 4350 FAB'pssm
475 4230 684 4281 Declamatioaer
702 4245 758 4297 qua
771 4232 913 4294 supersunt
931 4229 1026 4281 CXLV.
1037 4231 1110 4282 Edit.
1126 4231 1222 4293 Ritter,
1238 4244 1265 4294 p.
1279 4233 1304 4281 5.

227 4337 233 4350 .
280 4337 296 4361 .,
314 4315 340 4364 p.
389 4336 395 4350 .

251 4392 366 4448 Roseae.
1145 4392 1160 4448 3
