3148 5042
737 545 897 610 ..48-

301 710 419 797 Itaque
454 708 578 776 fatetur
611 707 841 786 Quintilianus
873 709 1072 798 gravitatem
1101 710 1218 780 Cassio
1252 713 1379 783 Severo

255 825 417 896 defuisse.
452 851 468 886 ι(
501 825 535 892 Si
563 824 684 892 ceteris
702 823 910 893 virtutihus!
933 825 1082 894 colorem
1112 832 1147 894 et
1174 829 1379 914 gravitatem

255 941 420 1011 orationis
434 938 625 1029 adjecisset,
642 937 825 1028 ponendus
839 939 929 1008 inter
942 941 1135 1031 praecipuos
1150 941 1249 1011 foret.
1272 970 1288 1004 a

299 1057 423 1124 Contra
442 1059 555 1123 autem
576 1055 705 1123 Seneca
723 1054 840 1123 rhetor
860 1081 877 1116 «
898 1057 1089 1125 censoriam
1109 1058 1337 1146 gravitatem*
1359 1087 1376 1122 u

255 1173 337 1242 huic
353 1171 465 1241 eidem
478 1189 549 1238 nou
565 1169 714 1238 defuisse
729 1170 911 1239 existimat.

300 1289 380 1368 Quae
413 1286 542 1377 judicis
578 1287 735 1376 quamvis
770 1287 861 1354 inter
899 1306 936 1355 se
975 1294 1132 1377 pugnent
1163 1295 1222 1357 aut
1255 1291 1378 1360 saltem

255 1423 409 1498 pugnare
437 1402 631 1486 videantur,
657 1422 728 1469 non
762 1409 877 1471 tamen
906 1400 1044 1472 difficile
1077 1410 1130 1472 est
1156 1424 1375 1493 componere.

254 1522 351 1590 Alter
369 1520 463 1588 enim
487 1517 530 1587 de
551 1518 606 1586 his
629 1538 705 1606 quae
728 1537 801 1585 non
823 1537 960 1606 semper
983 1525 1082 1587 acuto
1099 1525 1134 1587 et
1152 1527 1297 1590 venuste
1315 1521 1378 1590 sed

254 1634 379 1726 frigide
400 1634 489 1703 diota
508 1638 602 1718 sunt,
618 1633 661 1702 de
677 1633 733 1701 his
750 1632 876 1701 emeris
893 1632 1033 1716 salibus,
1052 1634 1111 1724 qui
1131 1635 1378 1724 frequentiores

254 1752 322 1821 fusi
338 1755 430 1835 sunt,
448 1748 491 1819 de
505 1749 571 1818 hcc
585 1769 706 1839 aspera
728 1748 916 1832 dicacitate,
935 1770 1012 1838 quae
1031 1748 1119 1818 nulli
1133 1770 1191 1818 reo
1210 1751 1266 1820 vel
1289 1751 1378 1820 nulli

254 1869 450 1942 adversario
478 1869 598 1958 percit,
624 1868 668 1938 de
695 1869 759 1937 hac
786 1869 884 1958 quasi
912 1869 1125 1954 scurrilitate,
1142 1847 1232 1958 'quae
1262 1872 1378 1959 potius

254 1987 380 2056 mimos
407 1985 536 2066 deceat,
563 1983 731 2074 imprimis
759 1984 894 2074 cogitat.
925 1984 1020 2054 Alter
1053 1987 1112 2074 qui
1144 2007 1216 2055 non
1244 1987 1380 2075 ignorat

254 2102 359 2172 Cassii
390 2101 504 2170 Severi
529 2103 626 2190 jocos
652 2118 728 2170 esse
757 2101 953 2188 frequentes
980 2107 1014 2170 et
1037 2102 1144 2170 vitam
1169 2122 1190 2169 a
1213 2103 1379 2190 gravitate

253 2218 514 2303 abhorrentem,
541 2217 685 2285 miratur
712 2215 941 2285 nihilominus
960 2214 1054 2305 quod
1080 2215 1271 2301 interdum,
1298 2237 1380 2285 cum

254 2334 370 2403 auimo
390 2336 568 2421 temperat,
594 2335 689 2399 tanta
716 2331 897 2400 severitate
917 2330 1018 2400 dicat.
1043 2358 1059 2393 «
1080 2331 1151 2401 Nec
1168 2332 1262 2400 enim
1283 2331 1381 2421 quic·

254 2469 357 2538 quum
386 2448 495 2536 magis
516 2448 551 2514 in
574 2446 633 2514 illo
658 2447 829 2516 mirareris
858 2465 962 2535 quum
991 2445 1085 2536 quod
1113 2449 1272 2537 gravitas,
1298 2468 1380 2536 quae

254 2563 371 2634 deerat
384 2565 476 2648 vitae,
498 2562 624 2633 actioni
639 2568 815 2652 supererat
831 2587 838 2631 :
857 2563 1022 2652 quamdiu
1034 2564 1118 2632 citra
1132 2564 1230 2653 jocos
1246 2583 1282 2632 se
1297 2584 1381 2632 con-

254 2679 396 2762 tinebat,
415 2679 570 2749 censoria
588 2679 695 2747 oratio
711 2683 794 2747 erat.
814 2704 829 2740 tt

298 2797 357 2866 His
378 2801 493 2865 autem
514 2793 656 2879 salibus,
676 2793 757 2861 huic
776 2792 943 2862 dicacitati
964 2794 1035 2863 vim
1055 2800 1088 2862 et
1106 2794 1376 2880 vehementiam,

255 2935 323 3003 qua
341 2913 461 2981 ceteris
480 2910 599 2980 terrori
619 2914 702 2994 erat,
724 2908 881 2977 addebat.
911 2909 1042 2988 Quibus
1064 2909 1258 2995 virtutibus,
1285 2911 1314 2978 si
1337 2911 1379 2978 in

257 3029 322 3098 hac
342 3048 379 3096 re
400 3047 537 3116 quoque
553 3025 679 3094 modus
697 3045 767 3093 non
791 3023 971 3111 defuisset,
989 3026 1149 3115 antiquos
1168 3033 1319 3095 oratores
1339 3031 1377 3094 et

254 3144 424 3212 maximos
442 3141 587 3210 fortasse
610 3145 815 3209 consecutus
838 3145 945 3226 esset;
971 3139 1032 3209 sed
1056 3161 1126 3209 non
1151 3141 1233 3210 satis
1258 3141 1377 3209 animo

252 3259 504 3330 moderebatur.

297 3376 429 3445 Scimus
452 3374 557 3462 igitur
576 3392 679 3460 quam
703 3372 786 3440 utile
805 3372 849 3440 sit
872 3372 997 3440 oratori
1020 3371 1161 3446 affectus
1179 3371 1378 3442 auditorum

253 3507 401 3558 movere.
428 3515 444 3550 «
465 3488 536 3556 Erit
554 3488 720 3575 eloquens
739 3487 769 3555 is
790 3487 848 3576 qui
867 3487 903 3554 in
922 3486 996 3556 foro
1016 3488 1196 3577 causisque
1216 3486 1378 3557 civilibus

253 3607 299 3674 ita
315 3603 405 3672 dicet
423 3607 461 3671 ut
481 3600 613 3691 probet,
635 3609 674 3670 ut
696 3601 851 3686 delectet,
875 3608 912 3670 ut
930 3602 1053 3672 flectat.
1072 3629 1089 3665 s
1104 3603 1178 3671 Non
1201 3601 1379 3672 nesciebat

252 3720 387 3790 Cassius
416 3719 562 3788 Severus
592 3716 783 3786 urbanitate
811 3724 845 3787 et
870 3717 958 3807 jocis
983 3717 1157 3787 auditores
1189 3717 1374 3802 delectare,

252 3836 409 3927 quamvis
442 3853 533 3924 saepe
563 3832 721 3901 dicacitas
747 3833 900 3922 asperior
931 3832 1065 3903 fuerit:
1098 3853 1170 3903 non
1199 3832 1381 3903 nesciebat

251 3954 381 4041 impetu
400 3949 551 4039 quodam
568 3948 673 4017 animi
692 3949 839 4034 flectere,
861 3949 1020 4037 quamvis
1044 3950 1242 4039 frequenter
1265 3949 1382 4038 impo-

251 4073 328 4135 tens
352 4067 405 4134 sui
428 4065 542 4134 fuerit.
566 4065 647 4142 Quae
670 4064 777 4132 nostri
802 4064 946 4133 oratoris
968 4064 1189 4135 vehementia
1213 4085 1282 4134 non
1306 4065 1380 4135 for·

252 4189 342 4250 tasse
357 4182 509 4250 Ciceroni
524 4179 764 4270 displicuisset.

284 4326 307 4374 f.
324 4323 420 4384 Quium,
436 4323 467 4385 X,
481 4325 505 4383 i,
517 4323 570 4372 iit.
585 4349 616 4359 -
631 4324 654 4370 2.
671 4323 802 4383 controv„
818 4322 863 4387 lli,
878 4324 964 4387 praef.,
982 4326 1005 4374 Ι.
