3148 5042
796 493 836 504 -
855 455 951 521 80,-

359 624 408 691 De
428 639 465 690 se
485 619 559 710 ipso
583 615 752 708 cogitabat
769 637 848 686 cum
867 617 943 687 baec
962 563 1066 688 verba
1084 617 1235 690 adderet.
1255 647 1272 682 «
1289 621 1365 690 Non
1387 630 1441 691 est

315 737 407 828 qaod
427 744 598 806 oratorem
611 733 647 801 in
669 733 732 803 hac
745 734 866 822 puerili
882 733 1123 804 exercitatione
1139 741 1283 824 spectes.
1302 736 1390 816 Quid
1410 737 1440 806 si

199 895 205 904 ·
313 854 404 923 velis
422 850 684 941 gubernatorem
704 849 741 916 in
756 849 886 938 piscina
911 851 1101 919 aestimare?
1116 877 1133 914 >r

357 970 434 1038 Non
453 967 518 1034 luit
537 973 651 1034 autem
670 964 765 1033 solus
784 965 856 1052 qui,
879 985 959 1034 cum
979 963 1195 1051 declamaret,
1216 967 1305 1036 infra
1323 988 1361 1037 se
1380 974 1440 1037 ant

313 1085 403 1154 infra
421 1083 507 1152 alios
527 1087 628 1151 esset.
648 1080 886 1168 «Diligentius
907 1101 963 1150 me
976 1079 1035 1148 tibi
1058 1101 1254 1151 excusarem
1270 1089 1437 1173 tanquam

314 1201 396 1270 bulo
409 1198 458 1268 rei
473 1217 544 1266 non
553 1216 664 1265 essem
675 1199 777 1266 natus
787 1219 795 1282 ;
807 1196 874 1264 nisi
885 1196 1007 1266 scirem
1019 1202 1053 1266 et
1063 1196 1252 1266 Pollionem
1263 1199 1437 1284 Asinium,

314 1323 348 1386 et
360 1315 541 1384 Messalam
561 1311 759 1397 Corvinum,
776 1317 810 1380 et
827 1311 1026 1381 Passienum
1044 1313 1103 1401 qui
1122 1333 1216 1382 nuno
1236 1313 1344 1403 primo
1359 1314 1438 1384 loco

314 1437 380 1501 stat
412 1430 529 1498 minus
563 1428 652 1497 bene
684 1426 793 1495 audiri
828 1446 934 1517 quam
967 1428 1117 1497 Cestium
1149 1434 1208 1497 aut
1240 1429 1435 1499 Latronem.

307 1549 435 1617 Utrum
459 1565 541 1634 ergo
561 1549 662 1634 putas
680 1543 747 1612 hoc
769 1541 955 1611 dicentium
983 1545 1106 1613 vitium
1125 1564 1201 1613 esse
1224 1565 1268 1613 en
1292 1544 1437 1614 andien-

300 1663 425 1732 ·tium?
444 1662 520 1730 Non
542 1659 593 1727 illi
612 1659 710 1749 pejus
729 1657 860 1745 dicunt,
882 1658 943 1728 sed
961 1659 998 1728 bi
1019 1661 1211 1749 corruptius
1232 1660 1400 1749 judicant.
1419 1692 1437 1726 »

313 1778 438 1849 Scias«
455 1777 492 1844 in
514 1772 825 1845 declamationibus
837 1779 971 1843 tantum
989 1795 1061 1844 non
1080 1774 1174 1843 alind
1193 1795 1303 1864 genus
1321 1776 1438 1846 bomi-

311 1917 397 1964 num
412 1912 502 1963 esse.
520 1891 553 1959 Si
572 1889 760 1980 comparari
774 1888 844 1957 illis
858 1889 952 1970 volo,
966 1910 1037 1959 non
1052 1890 1192 1980 ingenio
1206 1891 1291 1959 mibi
1307 1893 1440 1982 majore

313 2031 399 2101 opus
418 2014 482 2102 est,
506 2004 567 2077 sed
585 2025 690 2076 sensu
709 2005 855 2074 minore.
877 2006 995 2095 ltaque
1014 2005 1072 2074 vix
1093 2007 1165 2096 jam
1184 2006 1329 2077 obtineri
1351 2009 1441 2079 solet

312 2132 350 2196 ut
364 2125 573 2208 declamem;
584 2121 671 2191 illud
688 2120 833 2190 obtineri
849 2140 921 2190 non
939 2127 1052 2211 potest
1070 2123 1227 2200 utvelim
1242 2123 1317 2193 aliis
1332 2145 1439 2213 quam

311 2239 588 2311 familiarissimis
617 2236 846 2306 audientibus.
879 2236 918 2305 Et
954 2237 1001 2304 ita
1028 2235 1189 2324 iaciebat,
1219 2237 1266 2308 ait
1292 2240 1433 2310 Seneca.

311 2355 589 2426 Declamationes
602 2353 678 2443 ejus
691 2352 880 2442 inaequales
893 2359 1001 2422 erant.
1022 2379 1038 2415 »

356 2473 406 2540 Ex
422 2471 463 2540 iis
474 2469 633 2539 facillime
648 2473 785 2536 nosmet
798 2467 866 2536 hoc
880 2465 1039 2558 colligere
1049 2489 1235 2558 possumus
1251 2494 1258 2536 :
1275 2470 1441 2559 quemad·

311 2585 456 2656 modum
480 2607 500 2655 e
521 2585 749 2654 declamatore
767 2583 940 2653 rarissime
963 2584 1002 2652 fit
1021 2589 1147 2671 orator,
1167 2585 1215 2654 ita
1235 2606 1277 2655 ex
1304 2591 1439 2655 oratore

311 2702 454 2772 minime
472 2721 566 2790 saepe
580 2700 787 2770 declamator
803 2723 810 2766 :
828 2698 921 2788 quod
935 2699 1050 2769 Cassio
1065 2702 1190 2771 Severo
1205 2701 1332 2771 evenit.

356 2819 444 2886 Dum
470 2819 598 2886 Seneca
628 2816 770 2885 miratur
798 2814 892 2884 hunc
919 2821 1098 2900 oratorem,
1124 2817 1228 2886 tantis
1251 2816 1439 2886 virtutibus

312 2940 490 3019 ornatum,
521 2930 730 3000 mediocrem
757 2930 866 3000 fuisse
900 2929 1176 3019 declamatorem,
1211 2952 1281 3001 non
1318 2937 1440 3002 contra

311 3049 438 3116 mirum
462 3068 538 3118 essa
568 3052 729 3137 putamus
758 3046 854 3115 bunc
877 3051 1059 3132 oratorem,
1085 3048 1166 3136 quie
1195 3067 1298 3118 verus
1322 3055 1439 3117 orator

311 3165 387 3248 tuit,
404 3163 615 3233 mediocrem
629 3162 665 3230 in
685 3162 994 3232 declamationibus
1008 3161 1125 3234 luisse.
