3148 5042
669 503 834 564 ..7¹1-

183 663 384 750 1116666116
401 661 493 751 quod
508 669 660 749 exercet3
681 665 797 754 itaque
812 664 1122 736 (161161661616666
1137 688 1220 737 vero
1235 688 1308 737 661-

183 780 372 851 1661166...
398 779 438 846 16
458 777 672 848 scholasticis
694 779 999 851 declamationibus
1025 790 1144 852 contra
1165 786 1306 854 evenit:

181 897 301 966 omnia
314 895 474 965 molliora
489 901 523 964 61
537 897 702 965 661611616
717 903 810 966 sunt.
829 899 867 964 16
883 897 956 967 1616
972 906 1103 988 partem
1116 901 1305 990 accipiunt,

180 1014 219 1081 in
245 1010 364 1081 schola
381 1010 531 1100 eligunt;
552 1011 622 1080 illic
642 1011 750 1100 judici
774 1011 1011 1102 blandiuntur,
1042 1015 1099 1084 hic
1122 1016 1306 1105 imperant.

181 1131 300 1216 Itaque
324 1127 419 1196 velut
433 1146 475 1195 ex
490 1126 654 1197 umbroso
677 1134 712 1196 et
726 1128 872 1198 obscuro
890 1109 1101 1219 prodeuntes
1116 1130 1194 1201 1666
1207 1132 1307 1202 clarae

181 1244 269 1314 lucis
288 1243 402 1331 fulgor
416 1240 577 1327 obcaeout,
595 1243 644 1312 sic
658 1242 741 1313 istos
756 1263 776 1311 a
794 1243 921 1313 scholis
936 1244 972 1312 in
992 1245 1105 1314 iorum
1125 1252 1305 1315 transeun-

181 1367 233 1430 tes
248 1359 366 1428 omnia
380 1365 544 1448 tanquam
559 1379 651 1428 nova
664 1365 698 1427 et
712 1359 874 1428 inusitata
888 1359 1088 1449 perturbant
1102 1381 1166 1431 nec
1176 1368 1255 1431 ante
1270 1349 1306 1430 in

182 1480 354 1545 oratorem
373 1471 638 1541 corroborantur
655 1493 755 1563 qnam
778 1473 896 1542 multis
918 1472 1100 1562 perdomiti
1127 1481 1305 1545 66616166·

182 1589 237 1658 1116
252 1589 420 1678 puerilem
440 1587 596 1655 animum
615 1588 828 1657 scholasticis
849 1587 982 1659 deliciis
1006 1589 1211 1679 languidum
1225 1612 1306 1661 6616

131 1743 135 1753 -
183 1704 299 1775 labore
315 1702 495 1772 durarunt.
517 1730 534 1765 »

226 1821 281 1889 Sic
303 1820 408 1909 igitur
432 1820 549 1888 omnia
573 1819 655 1889 61116
684 1819 944 1890 declamationis
972 1827 1006 1889 et
1034 1821 1308 1892 declamatorum

183 1938 349 2006 Votienus
369 1934 458 2004 61616
481 1935 642 2027 perspicit
660 1935 907 2025 intellegoque,
926 1938 1006 2024 quia
1025 1937 1116 2005 hanc
1138 1957 1211 2006 rem
1231 1944 1308 2006 tan-

181 2061 353 2122 16616666
377 2052 655 2122 exercitationem
679 2051 928 2134 scholasticam,
951 2058 1237 2123 61616166661616
1263 2052 1308 2122 ad

182 2169 414 2259 eloquentiam
435 2167 497 2236 1611
513 2174 612 2237 66166
627 2187 715 2253 6666,
732 2173 823 2236 16616
837 2169 1020 2237 existimat.

227 2286 363 2355 Cassius
378 2287 524 2354 Severus
539 2290 573 2353 61
588 2285 661 2374 ipse
671 2283 714 2352 ad
729 2284 836 2353 vitam
849 2289 1037 2369 actuosam,
1052 2284 1095 2354 ad
1110 2285 1307 2354 661661616

181 2401 358 2492 quantiam
374 2405 475 2468 66166
489 2404 572 2486 6161,
591 2420 661 2469 666
675 2398 718 2467 ad
733 2398 823 2468 hanc
839 2399 958 2468 falsam
976 2421 1089 2469 rerum
1105 2400 1304 2490 imaginem,

181 2517 225 2586 ad
241 2517 314 2586 baec
328 2515 443 2584 inania
459 2513 712 2599 simulacraue
731 2514 821 2582 11666
842 2515 1011 2598 umbram,
1029 2536 1049 2584 a
1065 2536 1133 2606 qua
1156 2515 1307 2585 scholas·

182 2634 239 2703 tici
259 2653 332 2702 uon
348 2633 422 2701 6166
437 2631 588 2720 periculo
603 2630 838 2701 discedebant.
856 2630 1001 2700 1116666
1018 2631 1091 2701 1616
1109 2630 1305 2700 turbabatur

184 2770 251 2819 666
264 2748 464 2831 6161661661,
484 2746 670 2828 6116611616,
691 2747 812 2830 116616,
834 2752 893 2814 661
912 2747 1035 2815 caelum
1049 2746 1305 2816 reformidabat.

184 2866 247 2933 His
266 2863 358 2932 enim
375 2870 516 2931 6166166
534 2860 732 2944 virtutibus,
748 2881 834 2950 quas
853 2882 957 2950 supra
975 2860 1203 2943 laudavimus,
1221 2863 1255 2929 vi
1274 2867 1308 2931 et

181 2979 335 3068 ingenio,
357 2983 392 3046 et
416 2976 619 3059 urbanitate,
642 2981 676 3045 et
697 2975 892 3060 acerbitate,
913 2977 967 3044 611
988 2976 1167 3066 praesentis
1186 2976 1304 3060 animi,

181 3095 310 3184 quippe
322 3093 381 3181 qui
398 3119 414 3156 6
435 3112 477 3161 ex
494 3098 646 3182 tempore
666 3098 803 3160 6666166
827 3091 940 3160 (116616
960 3091 1095 3161 infinito
1115 3111 1151 3161 66
1170 3097 1305 3160 antece·

181 3211 280 3280 deret
299 3236 328 3291 6,
345 3229 448 3278 66166
464 3214 610 3277 6161616
630 3205 731 3276 nobis
743 3208 821 3296 jure
836 3207 993 3276 babetur.

227 3329 265 3394 16
283 3324 432 3414 quadam
446 3325 612 3408 suasoria,
629 3323 665 3390 in
684 3343 751 3413 qua
769 3325 886 3392 Cicero
911 3320 1118 3392 deliberabat
1137 3325 1306 3392 666616-

182 3443 281 3512 nium
310 3440 560 3530 deprecaretur,
586 3439 706 3508 Varius
735 3438 899 3507 Geminus
923 3438 1121 3507 Ciceronem
1152 3439 1307 3508 hortatus
1345 3479 1351 3487 ·

182 3564 236 3627 est
263 3577 334 3625 non
361 3555 405 3624 ad
438 3561 584 3625 mortem
612 3560 670 3623 aut
698 3552 984 3643 deprecationem,
1016 3551 1078 3622 sed
1107 3553 1150 3622 ad
1175 3555 1304 3642 fugam.

185 3673 364 3742 «Maxime
383 3674 392 3707 ¹
413 3671 511 3741 illum
530 3671 566 3738 in
585 3671 701 3739 Asiam
722 3670 811 3739 6116
830 3669 1064 3740 Macedoniam
1080 3669 1235 3738 hortatus
1255 3673 1308 3737 est

183 3792 220 3857 16
246 3788 341 3857 Cassi
362 3787 446 3856 6116
466 3787 557 3856 Bruti
581 3791 701 3855 castra.
725 3788 843 3874 ltaque
867 3786 1002 3854 Cassius
1031 3785 1177 3853 Severus
1196 3782 1307 3852 aiebat

182 3905 269 3973 61166
303 3903 531 3988 declamasse,
568 3901 708 3972 Varium
746 3901 930 3970 Geminum
966 3900 1082 3970 vivum
1122 3899 1307 3968 consilium

183 4019 370 4090 dedisse.»
403 4083 408 4090 ,

217 4289 239 4338 1.
254 4285 341 4345 Suus..
358 4285 403 4348 Vl,
419 4287 457 4335 ll.
