<?xml version="1.0" encoding="UTF-8"?>
<!DOCTYPE html PUBLIC "-//W3C//DTD XHTML 1.0 Transitional//EN"
    "http://www.w3.org/TR/xhtml1/DTD/xhtml1-transitional.dtd">
<html xmlns="http://www.w3.org/1999/xhtml" xml:lang="en" lang="en">
 <head>
  <title>
</title>
<meta http-equiv="Content-Type" content="text/html;charset=utf-8" />
  <meta name='ocr-system' content='tesseract 3.04.00' />
  <meta name='ocr-capabilities' content='ocr_page ocr_carea ocr_par ocr_line ocrx_word'/>
</head>
<body>
  <div class='ocr_page' id='page_1' title='image "./decassiiseverie00robegoog_0080.png"; bbox 0 0 3148 5042; ppageno 0'>
   <div class='ocr_carea' id='block_1_1' title="bbox 676 505 853 570">
    <p class='ocr_par' dir='ltr' id='par_1_1' title="bbox 676 505 853 570">
     <span class='ocr_line' id='line_1_1' title="bbox 676 505 853 570; baseline 0.006 -1"><span class='ocrx_word' id='word_1_1' title='bbox 676 505 853 570; x_wconf 83' lang='lat' dir='ltr'><strong>-6t-·</strong></span> 
     </span>
    </p>
   </div>
   <div class='ocr_carea' id='block_1_2' title="bbox 107 667 1319 2371">
    <p class='ocr_par' dir='ltr' id='par_1_2' title="bbox 107 667 1319 1681">
     <span class='ocr_line' id='line_1_2' title="bbox 236 667 1319 762; baseline 0.006 -28"><span class='ocrx_word' id='word_1_2' title='bbox 236 667 382 747; x_wconf 87' lang='lat' dir='ltr'><strong>Quodsi</strong></span> <span class='ocrx_word' id='word_1_3' title='bbox 407 673 521 735; x_wconf 87' lang='lat' dir='ltr'><strong>autem</strong></span> <span class='ocrx_word' id='word_1_4' title='bbox 541 672 621 756; x_wconf 88' lang='lat' dir='ltr'><strong>apta</strong></span> <span class='ocrx_word' id='word_1_5' title='bbox 643 673 677 736; x_wconf 88' lang='lat' dir='ltr'><strong>et</strong></span> <span class='ocrx_word' id='word_1_6' title='bbox 699 667 796 736; x_wconf 89' lang='lat' dir='ltr'><strong>finita</strong></span> <span class='ocrx_word' id='word_1_7' title='bbox 819 669 1040 756; x_wconf 88' lang='lat' dir='ltr'><strong>pronuntiare</strong></span> <span class='ocrx_word' id='word_1_8' title='bbox 1065 671 1203 757; x_wconf 89' lang='lat' dir='ltr'><strong>nolunt,</strong></span> <span class='ocrx_word' id='word_1_9' title='bbox 1224 672 1319 762; x_wconf 86' lang='lat' dir='ltr'><strong>quod</strong></span> 
     </span>
     <span class='ocr_line' id='line_1_3' title="bbox 190 781 1316 876; baseline 0.004 -23"><span class='ocrx_word' id='word_1_10' title='bbox 190 786 219 854; x_wconf 91' lang='lat' dir='ltr'><strong>si</strong></span> <span class='ocrx_word' id='word_1_11' title='bbox 238 785 429 852; x_wconf 89' lang='lat' dir='ltr'><strong>orationem</strong></span> <span class='ocrx_word' id='word_1_12' title='bbox 445 781 650 865; x_wconf 88' lang='lat' dir='ltr'><strong>dissolvunt,</strong></span> <span class='ocrx_word' id='word_1_13' title='bbox 672 789 706 851; x_wconf 88' lang='lat' dir='ltr'><strong>et</strong></span> <span class='ocrx_word' id='word_1_14' title='bbox 720 783 905 852; x_wconf 91' lang='lat' dir='ltr'><strong>verborum</strong></span> <span class='ocrx_word' id='word_1_15' title='bbox 920 784 1087 853; x_wconf 88' lang='lat' dir='ltr'><strong>ambitum</strong></span> <span class='ocrx_word' id='word_1_16' title='bbox 1111 786 1316 876; x_wconf 84' lang='lat' dir='ltr'><strong>infringunt,</strong></span> 
     </span>
     <span class='ocr_line' id='line_1_4' title="bbox 190 899 1319 987; baseline 0.006 -20"><span class='ocrx_word' id='word_1_17' title='bbox 190 899 279 968; x_wconf 88' lang='lat' dir='ltr'><strong>circa</strong></span> <span class='ocrx_word' id='word_1_18' title='bbox 291 899 451 966; x_wconf 92' lang='lat' dir='ltr'><strong>minimas</strong></span> <span class='ocrx_word' id='word_1_19' title='bbox 466 903 580 987; x_wconf 87' lang='lat' dir='ltr'><strong>partes</strong></span> <span class='ocrx_word' id='word_1_20' title='bbox 596 904 785 984; x_wconf 90' lang='lat' dir='ltr'><strong>morantur,</strong></span> <span class='ocrx_word' id='word_1_21' title='bbox 798 899 985 987; x_wconf 92' lang='lat' dir='ltr'><strong>plurimum</strong></span> <span class='ocrx_word' id='word_1_22' title='bbox 1001 900 1104 969; x_wconf 90' lang='lat' dir='ltr'><strong>studii</strong></span> <span class='ocrx_word' id='word_1_23' title='bbox 1119 900 1154 968; x_wconf 91' lang='lat' dir='ltr'><strong>in</strong></span> <span class='ocrx_word' id='word_1_24' title='bbox 1164 903 1319 975; x_wconf 92' lang='lat' dir='ltr'><strong>minimis</strong></span> 
     </span>
     <span class='ocr_line' id='line_1_5' title="bbox 190 1013 1317 1105; baseline 0.003 -21"><span class='ocrx_word' id='word_1_25' title='bbox 190 1017 414 1097; x_wconf 88' lang='lat' dir='ltr'><strong>consumunt,</strong></span> <span class='ocrx_word' id='word_1_26' title='bbox 440 1013 625 1100; x_wconf 88' lang='lat' dir='ltr'><strong>unicuique</strong></span> <span class='ocrx_word' id='word_1_27' title='bbox 643 1014 840 1097; x_wconf 73' lang='lat' dir='ltr'><strong>sententiaa,</strong></span> <span class='ocrx_word' id='word_1_28' title='bbox 868 1015 1053 1105; x_wconf 89' lang='lat' dir='ltr'><strong>unicuique</strong></span> <span class='ocrx_word' id='word_1_29' title='bbox 1084 1016 1188 1085; x_wconf 87' lang='lat' dir='ltr'><strong>verbo</strong></span> <span class='ocrx_word' id='word_1_30' title='bbox 1218 1019 1317 1088; x_wconf 91' lang='lat' dir='ltr'><strong>unice</strong></span> 
     </span>
     <span class='ocr_line' id='line_1_6' title="bbox 107 1127 1309 1218; baseline 0 -18"><span class='ocrx_word' id='word_1_31' title='bbox 107 1127 110 1133; x_wconf 69' lang='grc'><strong>’</strong></span> <span class='ocrx_word' id='word_1_32' title='bbox 190 1131 344 1209; x_wconf 80' lang='lat' dir='ltr'><strong>student,</strong></span> <span class='ocrx_word' id='word_1_33' title='bbox 363 1129 498 1218; x_wconf 84' lang='lat' dir='ltr'><strong>singula</strong></span> <span class='ocrx_word' id='word_1_34' title='bbox 513 1127 661 1216; x_wconf 85' lang='lat' dir='ltr'><strong>denique</strong></span> <span class='ocrx_word' id='word_1_35' title='bbox 676 1134 808 1213; x_wconf 86' lang='lat' dir='ltr'><strong>curant,</strong></span> <span class='ocrx_word' id='word_1_36' title='bbox 825 1131 872 1198; x_wconf 91' lang='lat' dir='ltr'><strong>ita</strong></span> <span class='ocrx_word' id='word_1_37' title='bbox 887 1136 923 1198; x_wconf 90' lang='lat' dir='ltr'><strong>nt</strong></span> <span class='ocrx_word' id='word_1_38' title='bbox 934 1152 1069 1198; x_wconf 90' lang='lat' dir='ltr'><strong>summa</strong></span> <span class='ocrx_word' id='word_1_39' title='bbox 1083 1132 1131 1200; x_wconf 91' lang='lat' dir='ltr'><strong>rei</strong></span> <span class='ocrx_word' id='word_1_40' title='bbox 1146 1132 1309 1217; x_wconf 74' lang='lat' dir='ltr'><strong>turbetur,</strong></span> 
     </span>
     <span class='ocr_line' id='line_1_7' title="bbox 191 1243 1312 1335; baseline 0 -19"><span class='ocrx_word' id='word_1_41' title='bbox 191 1254 226 1316; x_wconf 91' lang='lat' dir='ltr'><strong>et</strong></span> <span class='ocrx_word' id='word_1_42' title='bbox 240 1247 442 1335; x_wconf 72' lang='lat' dir='ltr'>neglegatur</span> <span class='ocrx_word' id='word_1_43' title='bbox 457 1252 516 1313; x_wconf 90' lang='lat' dir='ltr'><strong>aut</strong></span> <span class='ocrx_word' id='word_1_44' title='bbox 532 1244 667 1332; x_wconf 85' lang='lat' dir='ltr'><strong>neglegi</strong></span> <span class='ocrx_word' id='word_1_45' title='bbox 675 1243 855 1329; x_wconf 85' lang='lat' dir='ltr'><strong>.videatur;</strong></span> <span class='ocrx_word' id='word_1_46' title='bbox 870 1246 916 1313; x_wconf 87' lang='lat' dir='ltr'><strong>ita</strong></span> <span class='ocrx_word' id='word_1_47' title='bbox 931 1252 969 1313; x_wconf 93' lang='lat' dir='ltr'><strong>ut</strong></span> <span class='ocrx_word' id='word_1_48' title='bbox 983 1245 1149 1315; x_wconf 88' lang='lat' dir='ltr'><strong>auditoris</strong></span> <span class='ocrx_word' id='word_1_49' title='bbox 1164 1248 1312 1332; x_wconf 86' lang='lat' dir='ltr'><strong>animus,</strong></span> 
     </span>
     <span class='ocr_line' id='line_1_8' title="bbox 191 1359 1312 1448; baseline 0.002 -18"><span class='ocrx_word' id='word_1_50' title='bbox 191 1361 345 1430; x_wconf 91' lang='lat' dir='ltr'><strong>minimis</strong></span> <span class='ocrx_word' id='word_1_51' title='bbox 375 1360 477 1429; x_wconf 90' lang='lat' dir='ltr'><strong>rebus</strong></span> <span class='ocrx_word' id='word_1_52' title='bbox 501 1366 535 1428; x_wconf 87' lang='lat' dir='ltr'><strong>et</strong></span> <span class='ocrx_word' id='word_1_53' title='bbox 563 1359 708 1448; x_wconf 82' lang='lat' dir='ltr'><strong>singulis</strong></span> <span class='ocrx_word' id='word_1_54' title='bbox 730 1359 893 1428; x_wconf 90' lang='lat' dir='ltr'><strong>orationis</strong></span> <span class='ocrx_word' id='word_1_55' title='bbox 918 1360 1084 1428; x_wconf 88' lang='lat' dir='ltr'><strong>memhris</strong></span> <span class='ocrx_word' id='word_1_56' title='bbox 1112 1359 1312 1448; x_wconf 88' lang='lat' dir='ltr'><strong>delectatus,</strong></span> 
     </span>
     <span class='ocr_line' id='line_1_9' title="bbox 191 1474 1315 1568; baseline 0.001 -21"><span class='ocrx_word' id='word_1_57' title='bbox 191 1485 295 1568; x_wconf 90' lang='lat' dir='ltr'><strong>atque</strong></span> <span class='ocrx_word' id='word_1_58' title='bbox 322 1477 439 1544; x_wconf 89' lang='lat' dir='ltr'><strong>multis</strong></span> <span class='ocrx_word' id='word_1_59' title='bbox 467 1474 656 1544; x_wconf 87' lang='lat' dir='ltr'>luminibus</span> <span class='ocrx_word' id='word_1_60' title='bbox 685 1475 894 1562; x_wconf 75' lang='lat' dir='ltr'><strong>perstrictus,</strong></span> <span class='ocrx_word' id='word_1_61' title='bbox 917 1495 987 1543; x_wconf 93' lang='lat' dir='ltr'><strong>non</strong></span> <span class='ocrx_word' id='word_1_62' title='bbox 1011 1481 1120 1544; x_wconf 87' lang='lat' dir='ltr'><strong>totum</strong></span> <span class='ocrx_word' id='word_1_63' title='bbox 1144 1475 1259 1545; x_wconf 86' lang='lat' dir='ltr'><strong>videat</strong></span> <span class='ocrx_word' id='word_1_64' title='bbox 1282 1485 1315 1548; x_wconf 90' lang='lat' dir='ltr'><strong>et</strong></span> 
     </span>
     <span class='ocr_line' id='line_1_10' title="bbox 190 1594 541 1681; baseline -0.009 -18"><span class='ocrx_word' id='word_1_65' title='bbox 190 1594 379 1681; x_wconf 84' lang='lat' dir='ltr'><strong>intellegat.</strong></span> <span class='ocrx_word' id='word_1_66' title='bbox 537 1671 541 1676; x_wconf 45' lang='grc'><strong>,</strong></span> 
     </span>
    </p>

    <p class='ocr_par' dir='ltr' id='par_1_3' title="bbox 190 1705 1314 2371">
     <span class='ocr_line' id='line_1_11' title="bbox 235 1705 1314 1779; baseline 0.004 -4"><span class='ocrx_word' id='word_1_67' title='bbox 235 1711 394 1776; x_wconf 82' lang='lat' dir='ltr'><strong>Attamen</strong></span> <span class='ocrx_word' id='word_1_68' title='bbox 410 1707 545 1775; x_wconf 88' lang='lat' dir='ltr'><strong>Senecae</strong></span> <span class='ocrx_word' id='word_1_69' title='bbox 564 1706 692 1775; x_wconf 90' lang='lat' dir='ltr'><strong>rhetori</strong></span> <span class='ocrx_word' id='word_1_70' title='bbox 706 1705 741 1774; x_wconf 93' lang='lat' dir='ltr'><strong>in</strong></span> <span class='ocrx_word' id='word_1_71' title='bbox 757 1707 872 1774; x_wconf 89' lang='lat' dir='ltr'><strong>animo</strong></span> <span class='ocrx_word' id='word_1_72' title='bbox 888 1711 940 1776; x_wconf 87' lang='lat' dir='ltr'><strong>est</strong></span> <span class='ocrx_word' id='word_1_73' title='bbox 957 1707 1013 1777; x_wconf 92' lang='lat' dir='ltr'><strong>his</strong></span> <span class='ocrx_word' id='word_1_74' title='bbox 1027 1708 1141 1778; x_wconf 89' lang='lat' dir='ltr'><strong>verbis</strong></span> <span class='ocrx_word' id='word_1_75' title='bbox 1162 1707 1314 1779; x_wconf 86' lang='lat' dir='ltr'><strong>Cassium</strong></span> 
     </span>
     <span class='ocr_line' id='line_1_12' title="bbox 191 1821 1314 1913; baseline -0.001 -19"><span class='ocrx_word' id='word_1_76' title='bbox 191 1827 356 1894; x_wconf 86' lang='lat' dir='ltr'><strong>Severum</strong></span> <span class='ocrx_word' id='word_1_77' title='bbox 384 1821 536 1903; x_wconf 88' lang='lat' dir='ltr'><strong>laudare,</strong></span> <span class='ocrx_word' id='word_1_78' title='bbox 567 1821 761 1910; x_wconf 85' lang='lat' dir='ltr'><strong>exquibus</strong></span> <span class='ocrx_word' id='word_1_79' title='bbox 791 1827 929 1911; x_wconf 83' lang='lat' dir='ltr'><strong>apparet</strong></span> <span class='ocrx_word' id='word_1_80' title='bbox 957 1821 1038 1911; x_wconf 90' lang='lat' dir='ltr'><strong>quid</strong></span> <span class='ocrx_word' id='word_1_81' title='bbox 1065 1825 1241 1913; x_wconf 88' lang='lat' dir='ltr'><strong>proprium</strong></span> <span class='ocrx_word' id='word_1_82' title='bbox 1272 1824 1314 1894; x_wconf 87' lang='lat' dir='ltr'><strong>sit</strong></span> 
     </span>
     <span class='ocr_line' id='line_1_13' title="bbox 190 1934 1314 2026; baseline 0 -20"><span class='ocrx_word' id='word_1_83' title='bbox 190 1939 295 2026; x_wconf 88' lang='lat' dir='ltr'><strong>hujus</strong></span> <span class='ocrx_word' id='word_1_84' title='bbox 324 1935 487 2004; x_wconf 88' lang='lat' dir='ltr'><strong>orationis</strong></span> <span class='ocrx_word' id='word_1_85' title='bbox 511 1957 588 2024; x_wconf 75' lang='lat' dir='ltr'><strong>quaa</strong></span> <span class='ocrx_word' id='word_1_86' title='bbox 615 1936 651 2002; x_wconf 94' lang='lat' dir='ltr'><strong>in</strong></span> <span class='ocrx_word' id='word_1_87' title='bbox 680 1935 745 2003; x_wconf 88' lang='lat' dir='ltr'><strong>hac</strong></span> <span class='ocrx_word' id='word_1_88' title='bbox 767 1940 864 2004; x_wconf 84' lang='lat' dir='ltr'><strong>aetate</strong></span> <span class='ocrx_word' id='word_1_89' title='bbox 884 1934 1010 2005; x_wconf 91' lang='lat' dir='ltr'><strong>lloruit.</strong></span> <span class='ocrx_word' id='word_1_90' title='bbox 1034 1939 1175 2006; x_wconf 91' lang='lat' dir='ltr'><strong>«Nemo</strong></span> <span class='ocrx_word' id='word_1_91' title='bbox 1199 1939 1314 2006; x_wconf 92' lang='lat' dir='ltr'><strong>minus</strong></span> 
     </span>
     <span class='ocr_line' id='line_1_14' title="bbox 192 2049 1313 2143; baseline 0.001 -22"><span class='ocrx_word' id='word_1_92' title='bbox 192 2073 314 2142; x_wconf 87' lang='lat' dir='ltr'><strong>passus</strong></span> <span class='ocrx_word' id='word_1_93' title='bbox 341 2058 393 2120; x_wconf 89' lang='lat' dir='ltr'><strong>est</strong></span> <span class='ocrx_word' id='word_1_94' title='bbox 416 2049 546 2141; x_wconf 90' lang='lat' dir='ltr'><strong>aliquid</strong></span> <span class='ocrx_word' id='word_1_95' title='bbox 573 2053 608 2118; x_wconf 94' lang='lat' dir='ltr'><strong>in</strong></span> <span class='ocrx_word' id='word_1_96' title='bbox 631 2050 764 2119; x_wconf 88' lang='lat' dir='ltr'><strong>actione</strong></span> <span class='ocrx_word' id='word_1_97' title='bbox 788 2070 851 2118; x_wconf 91' lang='lat' dir='ltr'><strong>sua</strong></span> <span class='ocrx_word' id='word_1_98' title='bbox 872 2051 971 2119; x_wconf 91' lang='lat' dir='ltr'><strong>otiosi</strong></span> <span class='ocrx_word' id='word_1_99' title='bbox 991 2073 1088 2137; x_wconf 89' lang='lat' dir='ltr'><strong>esse;</strong></span> <span class='ocrx_word' id='word_1_100' title='bbox 1117 2055 1212 2122; x_wconf 91' lang='lat' dir='ltr'><strong>nulla</strong></span> <span class='ocrx_word' id='word_1_101' title='bbox 1235 2075 1313 2143; x_wconf 87' lang='lat' dir='ltr'><strong>pars</strong></span> 
     </span>
     <span class='ocr_line' id='line_1_15' title="bbox 191 2163 1312 2255; baseline 0.002 -21"><span class='ocrx_word' id='word_1_102' title='bbox 191 2188 269 2255; x_wconf 84' lang='lat' dir='ltr'><strong>quae</strong></span> <span class='ocrx_word' id='word_1_103' title='bbox 282 2185 351 2232; x_wconf 93' lang='lat' dir='ltr'><strong>non</strong></span> <span class='ocrx_word' id='word_1_104' title='bbox 364 2185 426 2233; x_wconf 88' lang='lat' dir='ltr'><strong>sua</strong></span> <span class='ocrx_word' id='word_1_105' title='bbox 440 2166 565 2234; x_wconf 89' lang='lat' dir='ltr'><strong>virtute</strong></span> <span class='ocrx_word' id='word_1_106' title='bbox 580 2171 700 2248; x_wconf 89' lang='lat' dir='ltr'><strong>staret;</strong></span> <span class='ocrx_word' id='word_1_107' title='bbox 713 2163 799 2232; x_wconf 86' lang='lat' dir='ltr'>nihil</span> <span class='ocrx_word' id='word_1_108' title='bbox 809 2165 845 2232; x_wconf 93' lang='lat' dir='ltr'><strong>in</strong></span> <span class='ocrx_word' id='word_1_109' title='bbox 860 2186 929 2255; x_wconf 88' lang='lat' dir='ltr'><strong>quo</strong></span> <span class='ocrx_word' id='word_1_110' title='bbox 944 2165 1081 2236; x_wconf 89' lang='lat' dir='ltr'><strong>auditor</strong></span> <span class='ocrx_word' id='word_1_111' title='bbox 1095 2169 1169 2236; x_wconf 88' lang='lat' dir='ltr'><strong>sine</strong></span> <span class='ocrx_word' id='word_1_112' title='bbox 1184 2167 1312 2237; x_wconf 78' lang='lat' dir='ltr'><strong>damno</strong></span> 
     </span>
     <span class='ocr_line' id='line_1_16' title="bbox 194 2279 1084 2371; baseline -0.004 -23"><span class='ocrx_word' id='word_1_113' title='bbox 194 2279 286 2348; x_wconf 88' lang='lat' dir='ltr'><strong>aliud</strong></span> <span class='ocrx_word' id='word_1_114' title='bbox 302 2286 437 2370; x_wconf 82' lang='lat' dir='ltr'><strong>ageret3</strong></span> <span class='ocrx_word' id='word_1_115' title='bbox 455 2281 571 2349; x_wconf 87' lang='lat' dir='ltr'><strong>omnia</strong></span> <span class='ocrx_word' id='word_1_116' title='bbox 589 2281 730 2362; x_wconf 91' lang='lat' dir='ltr'><strong>intenta,</strong></span> <span class='ocrx_word' id='word_1_117' title='bbox 748 2280 862 2370; x_wconf 88' lang='lat' dir='ltr'><strong>aliquo</strong></span> <span class='ocrx_word' id='word_1_118' title='bbox 882 2282 1043 2371; x_wconf 88' lang='lat' dir='ltr'><strong>petentia.</strong></span> <span class='ocrx_word' id='word_1_119' title='bbox 1069 2310 1084 2345; x_wconf 76' lang='lat' dir='ltr'><strong>o</strong></span> 
     </span>
    </p>
   </div>
   <div class='ocr_carea' id='block_1_3' title="bbox 236 2515 1266 2709">
    <p class='ocr_par' dir='ltr' id='par_1_4' title="bbox 236 2515 1266 2709">
     <span class='ocr_line' id='line_1_17' title="bbox 236 2515 1266 2606; baseline 0 -23"><span class='ocrx_word' id='word_1_120' title='bbox 236 2517 275 2585; x_wconf 90' lang='lat' dir='ltr'><strong>ll.</strong></span> <span class='ocrx_word' id='word_1_121' title='bbox 298 2517 498 2585; x_wconf 78' lang='lat' dir='ltr'><strong>Sententia.</strong></span> <span class='ocrx_word' id='word_1_122' title='bbox 522 2521 640 2586; x_wconf 80' lang='lat' dir='ltr'><strong>Genus</strong></span> <span class='ocrx_word' id='word_1_123' title='bbox 665 2515 808 2584; x_wconf 80' lang='lat' dir='ltr'><strong>dicendi</strong></span> <span class='ocrx_word' id='word_1_124' title='bbox 831 2517 958 2584; x_wconf 82' lang='lat' dir='ltr'><strong>lectum</strong></span> <span class='ocrx_word' id='word_1_125' title='bbox 981 2523 1017 2583; x_wconf 84' lang='lat' dir='ltr'><strong>at</strong></span> <span class='ocrx_word' id='word_1_126' title='bbox 1039 2517 1266 2606; x_wconf 76' lang='lat' dir='ltr'><strong>concitatum,</strong></span> 
     </span>
     <span class='ocr_line' id='line_1_18' title="bbox 440 2622 1065 2709; baseline -0.003 -19"><span class='ocrx_word' id='word_1_127' title='bbox 440 2641 504 2690; x_wconf 83' lang='lat' dir='ltr'><strong>aec</strong></span> <span class='ocrx_word' id='word_1_128' title='bbox 527 2622 716 2709; x_wconf 81' lang='lat' dir='ltr'><strong>copiosum,</strong></span> <span class='ocrx_word' id='word_1_129' title='bbox 743 2641 807 2690; x_wconf 82' lang='lat' dir='ltr'><strong>nec</strong></span> <span class='ocrx_word' id='word_1_130' title='bbox 826 2641 1065 2691; x_wconf 80' lang='lat' dir='ltr'><strong>numerosum.</strong></span> 
     </span>
    </p>
   </div>
   <div class='ocr_carea' id='block_1_4' title="bbox 187 2781 1314 4144">
    <p class='ocr_par' dir='ltr' id='par_1_5' title="bbox 187 2781 1314 4144">
     <span class='ocr_line' id='line_1_19' title="bbox 234 2781 1311 2871; baseline -0.002 -19"><span class='ocrx_word' id='word_1_131' title='bbox 234 2785 276 2852; x_wconf 88' lang='lat' dir='ltr'><strong>Ut</strong></span> <span class='ocrx_word' id='word_1_132' title='bbox 298 2783 401 2871; x_wconf 83' lang='lat' dir='ltr'><strong>igitur</strong></span> <span class='ocrx_word' id='word_1_133' title='bbox 424 2783 498 2870; x_wconf 88' lang='lat' dir='ltr'><strong>ejus</strong></span> <span class='ocrx_word' id='word_1_134' title='bbox 522 2781 631 2850; x_wconf 85' lang='lat' dir='ltr'><strong>aetatis</strong></span> <span class='ocrx_word' id='word_1_135' title='bbox 655 2788 817 2863; x_wconf 89' lang='lat' dir='ltr'><strong>oratores,</strong></span> <span class='ocrx_word' id='word_1_136' title='bbox 840 2788 873 2849; x_wconf 91' lang='lat' dir='ltr'><strong>et</strong></span> <span class='ocrx_word' id='word_1_137' title='bbox 894 2781 967 2870; x_wconf 91' lang='lat' dir='ltr'><strong>ipse</strong></span> <span class='ocrx_word' id='word_1_138' title='bbox 998 2782 1136 2849; x_wconf 81' lang='lat' dir='ltr'><strong>Cassius</strong></span> <span class='ocrx_word' id='word_1_139' title='bbox 1162 2783 1311 2851; x_wconf 88' lang='lat' dir='ltr'><strong>Severus</strong></span> 
     </span>
     <span class='ocr_line' id='line_1_20' title="bbox 193 2896 1309 2987; baseline 0.004 -27"><span class='ocrx_word' id='word_1_140' title='bbox 193 2926 208 2960; x_wconf 73' lang='grc' dir='ltr'>α</span> <span class='ocrx_word' id='word_1_141' title='bbox 233 2899 395 2987; x_wconf 81' lang='lat' dir='ltr'><strong>longam¹</strong></span> <span class='ocrx_word' id='word_1_142' title='bbox 420 2897 666 2986; x_wconf 83' lang='lat' dir='ltr'><strong>principiorum</strong></span> <span class='ocrx_word' id='word_1_143' title='bbox 690 2897 984 2986; x_wconf 70' lang='lat' dir='ltr'><strong>preparationem,</strong></span> <span class='ocrx_word' id='word_1_144' title='bbox 1007 2897 1195 2964; x_wconf 90' lang='lat' dir='ltr'><strong>multarum</strong></span> <span class='ocrx_word' id='word_1_145' title='bbox 1220 2896 1309 2965; x_wconf 93' lang='lat' dir='ltr'><strong>divi-</strong></span> 
     </span>
     <span class='ocr_line' id='line_1_21' title="bbox 190 3011 1313 3100; baseline -0.003 -18"><span class='ocrx_word' id='word_1_146' title='bbox 190 3015 327 3082; x_wconf 91' lang='lat' dir='ltr'><strong>sionum</strong></span> <span class='ocrx_word' id='word_1_147' title='bbox 348 3012 611 3081; x_wconf 85' lang='lat' dir='ltr'><strong>ostentationem</strong></span> <span class='ocrx_word' id='word_1_148' title='bbox 625 3016 659 3080; x_wconf 89' lang='lat' dir='ltr'><strong>et</strong></span> <span class='ocrx_word' id='word_1_149' title='bbox 677 3011 771 3078; x_wconf 92' lang='lat' dir='ltr'><strong>mille</strong></span> <span class='ocrx_word' id='word_1_150' title='bbox 786 3017 1067 3100; x_wconf 83' lang='lat' dir='ltr'><strong>argumentorum</strong></span> <span class='ocrx_word' id='word_1_151' title='bbox 1082 3011 1212 3100; x_wconf 84' lang='lat' dir='ltr'><strong>gradus</strong></span> <span class='ocrx_word' id='word_1_152' title='bbox 1229 3038 1261 3094; x_wconf 89' lang='lat'><strong>»,</strong></span> <span class='ocrx_word' id='word_1_153' title='bbox 1280 3018 1313 3080; x_wconf 87' lang='lat' dir='ltr'><strong>et</strong></span> 
     </span>
     <span class='ocr_line' id='line_1_22' title="bbox 190 3126 1312 3216; baseline -0.004 -18"><span class='ocrx_word' id='word_1_154' title='bbox 190 3129 346 3198; x_wconf 87' lang='lat' dir='ltr'><strong>ordinem</strong></span> <span class='ocrx_word' id='word_1_155' title='bbox 376 3149 490 3196; x_wconf 88' lang='lat' dir='ltr'><strong>rerum</strong></span> <span class='ocrx_word' id='word_1_156' title='bbox 513 3127 714 3210; x_wconf 83' lang='lat' dir='ltr'><strong>contemnit,</strong></span> <span class='ocrx_word' id='word_1_157' title='bbox 733 3127 920 3196; x_wconf 89' lang='lat' dir='ltr'><strong>sententias</strong></span> <span class='ocrx_word' id='word_1_158' title='bbox 949 3133 1064 3195; x_wconf 91' lang='lat' dir='ltr'><strong>autem</strong></span> <span class='ocrx_word' id='word_1_159' title='bbox 1086 3128 1247 3216; x_wconf 87' lang='lat' dir='ltr'><strong>exquirit,</strong></span> <span class='ocrx_word' id='word_1_160' title='bbox 1275 3126 1312 3194; x_wconf 94' lang='lat' dir='ltr'><strong>id</strong></span> 
     </span>
     <span class='ocr_line' id='line_1_23' title="bbox 190 3243 1310 3334; baseline -0.003 -18"><span class='ocrx_word' id='word_1_161' title='bbox 190 3253 240 3316; x_wconf 88' lang='lat' dir='ltr'><strong>est</strong></span> <span class='ocrx_word' id='word_1_162' title='bbox 269 3247 345 3314; x_wconf 80' lang='lat' dir='ltr'><strong>bac</strong></span> <span class='ocrx_word' id='word_1_163' title='bbox 377 3272 393 3308; x_wconf 93' lang='lat'>«</span> <span class='ocrx_word' id='word_1_164' title='bbox 424 3245 577 3312; x_wconf 83' lang='lat' dir='ltr'><strong>lumina²</strong></span> <span class='ocrx_word' id='word_1_165' title='bbox 605 3245 775 3334; x_wconf 74' lang='lat' dir='ltr'><strong>praecipue</strong></span> <span class='ocrx_word' id='word_1_166' title='bbox 804 3244 838 3310; x_wconf 94' lang='lat' dir='ltr'><strong>in</strong></span> <span class='ocrx_word' id='word_1_167' title='bbox 875 3243 1038 3312; x_wconf 91' lang='lat' dir='ltr'><strong>clausulis</strong></span> <span class='ocrx_word' id='word_1_168' title='bbox 1066 3245 1206 3332; x_wconf 88' lang='lat' dir='ltr'><strong>posita:</strong></span> <span class='ocrx_word' id='word_1_169' title='bbox 1233 3265 1310 3333; x_wconf 84' lang='lat' dir='ltr'><strong>quae</strong></span> 
     </span>
     <span class='ocr_line' id='line_1_24' title="bbox 189 3359 1314 3451; baseline -0.003 -19"><span class='ocrx_word' id='word_1_170' title='bbox 189 3365 305 3432; x_wconf 89' lang='lat' dir='ltr'><strong>minus</strong></span> <span class='ocrx_word' id='word_1_171' title='bbox 336 3361 454 3444; x_wconf 83' lang='lat' dir='ltr'><strong>crebra</strong></span> <span class='ocrx_word' id='word_1_172' title='bbox 487 3359 577 3451; x_wconf 91' lang='lat' dir='ltr'><strong>apud</strong></span> <span class='ocrx_word' id='word_1_173' title='bbox 606 3362 777 3449; x_wconf 89' lang='lat' dir='ltr'><strong>antiquos,</strong></span> <span class='ocrx_word' id='word_1_174' title='bbox 809 3360 935 3427; x_wconf 89' lang='lat' dir='ltr'><strong>nostris</strong></span> <span class='ocrx_word' id='word_1_175' title='bbox 967 3359 1179 3448; x_wconf 89' lang='lat' dir='ltr'><strong>temporibus</strong></span> <span class='ocrx_word' id='word_1_176' title='bbox 1208 3359 1314 3429; x_wconf 91' lang='lat' dir='ltr'><strong>modo</strong></span> 
     </span>
     <span class='ocr_line' id='line_1_25' title="bbox 189 3460 1313 3563; baseline -0.004 -15"><span class='ocrx_word' id='word_1_177' title='bbox 189 3486 353 3548; x_wconf 85' lang='lat' dir='ltr'><strong>carent».</strong></span> <span class='ocrx_word' id='word_1_178' title='bbox 371 3479 453 3557; x_wconf 82' lang='lat' dir='ltr'><strong>Quae</strong></span> <span class='ocrx_word' id='word_1_179' title='bbox 474 3460 711 3546; x_wconf 87' lang='lat' dir='ltr'><strong>adulescentes</strong></span> <span class='ocrx_word' id='word_1_180' title='bbox 733 3484 766 3544; x_wconf 91' lang='lat' dir='ltr'><strong>et</strong></span> <span class='ocrx_word' id='word_1_181' title='bbox 789 3474 948 3562; x_wconf 91' lang='lat' dir='ltr'><strong>discipuli</strong></span> <span class='ocrx_word' id='word_1_182' title='bbox 972 3475 1119 3563; x_wconf 89' lang='lat' dir='ltr'><strong>probant</strong></span> <span class='ocrx_word' id='word_1_183' title='bbox 1143 3481 1177 3544; x_wconf 89' lang='lat' dir='ltr'><strong>et</strong></span> <span class='ocrx_word' id='word_1_184' title='bbox 1201 3475 1313 3545; x_wconf 90' lang='lat' dir='ltr'><strong>admi-</strong></span> 
     </span>
     <span class='ocr_line' id='line_1_26' title="bbox 188 3591 1311 3682; baseline -0.003 -19"><span class='ocrx_word' id='word_1_185' title='bbox 188 3603 319 3675; x_wconf 90' lang='lat' dir='ltr'><strong>rantur,</strong></span> <span class='ocrx_word' id='word_1_186' title='bbox 339 3622 356 3656; x_wconf 78' lang='lat' dir='ltr'><strong>u</strong></span> <span class='ocrx_word' id='word_1_187' title='bbox 377 3591 597 3682; x_wconf 85' lang='lat' dir='ltr'><strong>traduntque,</strong></span> <span class='ocrx_word' id='word_1_188' title='bbox 618 3593 787 3660; x_wconf 81' lang='lat' dir='ltr'><strong>invicem³</strong></span> <span class='ocrx_word' id='word_1_189' title='bbox 802 3611 842 3659; x_wconf 91' lang='lat' dir='ltr'><strong>ac</strong></span> <span class='ocrx_word' id='word_1_190' title='bbox 856 3609 947 3680; x_wconf 89' lang='lat' dir='ltr'><strong>saepe</strong></span> <span class='ocrx_word' id='word_1_191' title='bbox 960 3591 995 3658; x_wconf 93' lang='lat' dir='ltr'><strong>in</strong></span> <span class='ocrx_word' id='word_1_192' title='bbox 1016 3591 1168 3660; x_wconf 91' lang='lat' dir='ltr'><strong>colonias</strong></span> <span class='ocrx_word' id='word_1_193' title='bbox 1183 3600 1217 3661; x_wconf 89' lang='lat' dir='ltr'><strong>et</strong></span> <span class='ocrx_word' id='word_1_194' title='bbox 1236 3612 1311 3680; x_wconf 89' lang='lat' dir='ltr'><strong>pro·</strong></span> 
     </span>
     <span class='ocr_line' id='line_1_27' title="bbox 188 3707 1312 3796; baseline -0.004 -17"><span class='ocrx_word' id='word_1_195' title='bbox 188 3712 317 3780; x_wconf 86' lang='lat' dir='ltr'><strong>vincias</strong></span> <span class='ocrx_word' id='word_1_196' title='bbox 344 3731 424 3778; x_wconf 92' lang='lat' dir='ltr'><strong>suas</strong></span> <span class='ocrx_word' id='word_1_197' title='bbox 449 3709 613 3795; x_wconf 86' lang='lat' dir='ltr'><strong>scribunt,</strong></span> <span class='ocrx_word' id='word_1_198' title='bbox 631 3709 703 3777; x_wconf 90' lang='lat' dir='ltr'><strong>sive</strong></span> <span class='ocrx_word' id='word_1_199' title='bbox 727 3728 852 3776; x_wconf 90' lang='lat' dir='ltr'><strong>sensus</strong></span> <span class='ocrx_word' id='word_1_200' title='bbox 875 3707 999 3796; x_wconf 89' lang='lat' dir='ltr'><strong>aliquis</strong></span> <span class='ocrx_word' id='word_1_201' title='bbox 1017 3714 1137 3794; x_wconf 83' lang='lat' dir='ltr'><strong>arguta</strong></span> <span class='ocrx_word' id='word_1_202' title='bbox 1157 3714 1191 3776; x_wconf 91' lang='lat' dir='ltr'><strong>et</strong></span> <span class='ocrx_word' id='word_1_203' title='bbox 1217 3707 1312 3776; x_wconf 89' lang='lat' dir='ltr'><strong>brevi</strong></span> 
     </span>
     <span class='ocr_line' id='line_1_28' title="bbox 188 3823 1313 3912; baseline -0.004 -17"><span class='ocrx_word' id='word_1_204' title='bbox 188 3828 357 3896; x_wconf 87' lang='lat' dir='ltr'><strong>sententie</strong></span> <span class='ocrx_word' id='word_1_205' title='bbox 390 3826 528 3907; x_wconf 84' lang='lat' dir='ltr'><strong>effulsit,</strong></span> <span class='ocrx_word' id='word_1_206' title='bbox 560 3826 632 3895; x_wconf 88' lang='lat' dir='ltr'><strong>sive</strong></span> <span class='ocrx_word' id='word_1_207' title='bbox 662 3826 758 3893; x_wconf 91' lang='lat' dir='ltr'><strong>locus</strong></span> <span class='ocrx_word' id='word_1_208' title='bbox 791 3823 959 3912; x_wconf 86' lang='lat' dir='ltr'><strong>exquisito</strong></span> <span class='ocrx_word' id='word_1_209' title='bbox 993 3830 1027 3891; x_wconf 86' lang='lat' dir='ltr'><strong>et</strong></span> <span class='ocrx_word' id='word_1_210' title='bbox 1054 3823 1186 3910; x_wconf 89' lang='lat' dir='ltr'><strong>poetico</strong></span> <span class='ocrx_word' id='word_1_211' title='bbox 1218 3823 1313 3890; x_wconf 89' lang='lat' dir='ltr'><strong>cultu</strong></span> 
     </span>
     <span class='ocr_line' id='line_1_29' title="bbox 187 3923 1312 4027; baseline -0.004 -16"><span class='ocrx_word' id='word_1_212' title='bbox 187 3944 364 4013; x_wconf 87' lang='lat' dir='ltr'><strong>enituit».</strong></span> <span class='ocrx_word' id='word_1_213' title='bbox 395 3940 492 4022; x_wconf 80' lang='lat' dir='ltr'><strong>Quod</strong></span> <span class='ocrx_word' id='word_1_214' title='bbox 521 3923 585 4027; x_wconf 76' lang='lat' dir='ltr'><strong>est,</strong></span> <span class='ocrx_word' id='word_1_215' title='bbox 610 3946 648 4010; x_wconf 88' lang='lat' dir='ltr'><strong>ut</strong></span> <span class='ocrx_word' id='word_1_216' title='bbox 672 3939 832 4023; x_wconf 91' lang='lat' dir='ltr'><strong>vidimus,</strong></span> <span class='ocrx_word' id='word_1_217' title='bbox 859 3941 895 4006; x_wconf 96' lang='lat' dir='ltr'><strong>in</strong></span> <span class='ocrx_word' id='word_1_218' title='bbox 924 3939 988 4008; x_wconf 85' lang='lat' dir='ltr'><strong>hae</strong></span> <span class='ocrx_word' id='word_1_219' title='bbox 1012 3943 1108 4007; x_wconf 88' lang='lat' dir='ltr'><strong>aetate</strong></span> <span class='ocrx_word' id='word_1_220' title='bbox 1136 3939 1312 4027; x_wconf 91' lang='lat' dir='ltr'><strong>proprium</strong></span> 
     </span>
     <span class='ocr_line' id='line_1_30' title="bbox 187 4053 1314 4144; baseline -0.004 -18"><span class='ocrx_word' id='word_1_221' title='bbox 187 4057 361 4126; x_wconf 90' lang='lat' dir='ltr'><strong>orationis.</strong></span> <span class='ocrx_word' id='word_1_222' title='bbox 386 4057 579 4126; x_wconf 76' lang='lat' dir='ltr'><strong>sententias</strong></span> <span class='ocrx_word' id='word_1_223' title='bbox 605 4056 716 4138; x_wconf 89' lang='lat' dir='ltr'><strong>enim,</strong></span> <span class='ocrx_word' id='word_1_224' title='bbox 745 4075 829 4144; x_wconf 87' lang='lat' dir='ltr'><strong>quas</strong></span> <span class='ocrx_word' id='word_1_225' title='bbox 858 4061 969 4144; x_wconf 89' lang='lat' dir='ltr'><strong>poetae</strong></span> <span class='ocrx_word' id='word_1_226' title='bbox 992 4053 1203 4122; x_wconf 88' lang='lat' dir='ltr'><strong>carminibus</strong></span> <span class='ocrx_word' id='word_1_227' title='bbox 1228 4054 1314 4122; x_wconf 92' lang='lat' dir='ltr'><strong>mis-</strong></span> 
     </span>
    </p>
   </div>
   <div class='ocr_carea' id='block_1_5' title="bbox 221 4292 1139 4366">
    <p class='ocr_par' dir='ltr' id='par_1_6' title="bbox 221 4292 1139 4366">
     <span class='ocr_line' id='line_1_31' title="bbox 221 4292 1139 4366; baseline -0.014 -12"><span class='ocrx_word' id='word_1_228' title='bbox 221 4301 471 4366; x_wconf 78' lang='lat' dir='ltr'><strong>l.Tre.,Dial.,19.</strong></span> <span class='ocrx_word' id='word_1_229' title='bbox 486 4301 554 4349; x_wconf 84' lang='grc'><strong>-2,</strong></span> <span class='ocrx_word' id='word_1_230' title='bbox 570 4299 634 4348; x_wconf 80' lang='lat' dir='ltr'><strong>last.</strong></span> <span class='ocrx_word' id='word_1_231' title='bbox 651 4297 735 4357; x_wconf 80' lang='lat' dir='ltr'><strong>Orat,</strong></span> <span class='ocrx_word' id='word_1_232' title='bbox 752 4295 818 4359; x_wconf 90' lang='lat' dir='ltr'><strong>Vlll,</strong></span> <span class='ocrx_word' id='word_1_233' title='bbox 837 4299 859 4359; x_wconf 81' lang='lat'><strong>5,</strong></span> <span class='ocrx_word' id='word_1_234' title='bbox 876 4297 899 4344; x_wconf 78' lang='lat'><strong>2.</strong></span> <span class='ocrx_word' id='word_1_235' title='bbox 919 4321 949 4331; x_wconf 89' lang='lat'><em>-</em></span> <span class='ocrx_word' id='word_1_236' title='bbox 965 4295 987 4343; x_wconf 83' lang='lat'><strong>3.</strong></span> <span class='ocrx_word' id='word_1_237' title='bbox 1002 4292 1084 4355; x_wconf 68' lang='lat' dir='ltr'><strong>ruat,</strong></span> <span class='ocrx_word' id='word_1_238' title='bbox 1100 4293 1139 4342; x_wconf 78' lang='lat'><strong>20.</strong></span> 
     </span>
    </p>
   </div>
   <div class='ocr_carea' id='block_1_6' title="bbox 0 0 1578 5042">
    <p class='ocr_par' dir='ltr' id='par_1_7' title="bbox 0 0 1578 5042">
     <span class='ocr_line' id='line_1_32' title="bbox 0 0 1578 5042; baseline 0 2"><span class='ocrx_word' id='word_1_239' title='bbox 0 0 1578 5042; x_wconf 95' lang='lat' dir='ltr'><strong> </strong></span> 
     </span>
    </p>
   </div>
  </div>
 </body>
</html>
