3148 5042
684 524 843 588 ...55-

193 690 360 760 nonsatis
384 688 553 758 intellexit
564 688 707 778 probare
722 687 934 756 necessitatis
949 706 1036 769 esse,
1053 691 1323 777 argumentaque

196 807 272 876 sine
301 803 528 895 dispositione
554 804 691 871 infirma
715 823 790 872 esse
818 801 861 869 ad
887 801 1113 891 probandum.
1140 802 1184 871 Ut
1206 808 1322 872 autem

195 928 400 1010 argumenta
427 920 565 1011 proprio
595 920 670 987 loco
703 918 930 1000 collocentur,
961 937 1103 987 necesse
1132 923 1185 987 est
1209 923 1323 987 amtor

196 1045 302 1108 totam
324 1058 398 1106 rem
423 1036 668 1125 complectatur
692 1041 726 1104 at
748 1035 854 1124 partis
875 1035 1041 1124 cujusque
1063 1035 1160 1124 quasi
1179 1033 1317 1123 pondus

193 1153 437 1222 aestimet.'Hoc
448 1150 630 1239 judicium,
647 1150 724 1218 haec
739 1150 904 1239 sapientia
928 1150 977 1216 illi
993 1148 1113 1218 defuit.

240 1269 416 1356 Quamque
436 1287 518 1336 vero
532 1272 664 1356 partem
686 1266 836 1334 maxima
858 1265 1033 1354 diligentia
1048 1271 1180 1350 tractat,
1200 1284 1322 1353 quam-

193 1405 262 1474 que
281 1383 421 1451 maximi
439 1389 560 1472 putare
575 1381 725 1466 videtur,
747 1401 982 1468 necunquam
1006 1380 1089 1448 sinit
1107 1378 1322 1448 audientium

195 1505 347 1570 mentem
368 1498 555 1589 quiescere.
581 1526 597 1561 «
619 1499 727 1566 Nemo
747 1499 756 1532 ¹
776 1497 893 1564 minus
916 1516 1038 1585 passus
1061 1501 1113 1564 est
1131 1494 1261 1583 aliquid
1283 1495 1321 1562 in

193 1617 326 1685 actione
342 1635 404 1684 sua
419 1615 517 1683 otiosi
533 1634 610 1683 esse
616 1639 626 1698 ;
645 1613 740 1681 nulla
759 1633 837 1702 pars
853 1619 925 1680 erat
939 1633 1016 1702 quae
1029 1632 1101 1680 non
1117 1631 1179 1680 sua
1193 1612 1320 1680 virtute

193 1734 308 1813 staret,
332 1729 418 1797 nihil
433 1729 469 1797 in
488 1749 556 1818 quo
572 1727 707 1796 auditor
719 1729 794 1796 sine
807 1727 934 1795 damno
949 1725 1043 1796 aliud
1057 1733 1183 1816 ageret,
1198 1727 1316 1795 omnia

191 1845 337 1931 intenta,
354 1844 469 1934 aliquo
484 1845 644 1934 petentia.
663 1871 679 1906 a
701 1845 766 1913 Res
783 1849 898 1912 autem
917 1849 987 1912 tota
1002 1863 1072 1910 non
1091 1841 1196 1910 iidem
1216 1839 1315 1910 audi-

192 1961 326 2030 toribus
354 1961 447 2045 iacit,
476 1961 548 2051 qui,
574 1981 666 2048 saepe
687 1957 844 2028 delectati
865 1966 900 2028 et
923 1958 1106 2040 matinen
1134 1977 1318 2046 argumen-

192 2084 307 2146 torum
323 2077 479 2146 ordinem
496 2077 723 2165 conspiciunt.
1308 2149 1310 2152 ,

236 2193 325 2272 Quid
347 2192 441 2282 quod
469 2198 585 2260 noster
608 2213 680 2260 non
701 2211 837 2281 semper
858 2190 976 2259 eadem
999 2189 1158 2258 felicitate
1178 2189 1315 2274 fruitur,

190 2329 271 2376 cum
301 2308 356 2376 his
388 2307 536 2396 singulis
563 2308 648 2376 locis
676 2305 863 2375 incumbit?
896 2304 1192 2384 Quemadmodum
1224 2304 1317 2373 enim

191 2425 372 2492 Tacitus«
403 2427 639 2512 contemptum
668 2421 826 2491 ordinem
854 2441 969 2490 rerum
1003 2448 1020 2484 »
1055 2421 1237 2510 vituperat,
1272 2420 1318 2487 ita

190 2541 320 2610 Seneca
348 2540 424 2629 ejus
452 2538 720 2608 declamationes
754 2565 772 2600 «
801 2538 990 2627 inaequales
1020 2564 1036 2599 >³
1072 2555 1148 2605 esse
1173 2537 1308 2604 fatetur.

188 2655 304 2725 Dicit:
334 2655 643 2724 «declamationes
669 2683 699 2722 »,
731 2656 853 2724 Nonne
881 2661 997 2723 autem
1025 2654 1091 2722 hoc
1118 2652 1241 2721 vitium
1270 2650 1315 2718 ad

188 2772 357 2856 actiones,
384 2792 460 2859 quae
486 2791 557 2839 non
588 2775 785 2859 supersunt,
812 2775 849 2837 ut
873 2769 984 2837 simile
1007 2768 1079 2837 veri
1107 2773 1171 2851 est,
1194 2764 1314 2833 cadere
1348 2811 1350 2817 ,

185 2890 324 2978 potest?
352 2887 414 2956 His
442 2886 536 2954 addit
565 2885 704 2975 quidem
724 2913 764 2956 :«
790 2885 856 2955 Sed
870 2888 881 2920 ²
895 2906 935 2955 ea
959 2905 1035 2974 quae
1059 2881 1258 2952 eminebant
1277 2881 1313 2946 in

189 3023 407 3094 quacumque
418 3003 666 3072 declamatione
686 3002 872 3091 posuisses,
890 3001 1096 3091 inaequalem
1115 3020 1191 3070 eam
1212 2996 1313 3066 fecis-

187 3127 266 3188 sent
283 3147 316 3186 u.

232 3235 306 3304 Hoc
326 3241 417 3303 certe
441 3233 484 3302 ad
507 3235 706 3303 universam
735 3233 840 3301 totius
863 3232 1025 3300 orationis
1051 3229 1312 3319 dispositionem

186 3356 331 3441 spectat,
350 3349 393 3418 de
409 3370 475 3439 qua
494 3369 588 3418 nunc
600 3370 671 3418 non
687 3348 871 3417 existimari
887 3353 1011 3437 potest.

231 3465 297 3536 Sed
327 3466 429 3534 unius
458 3466 639 3555 peculiaris
667 3464 732 3532 loci
760 3463 1019 3553 dispositionem
1041 3460 1193 3551 judicare
1216 3459 1311 3528 licet.

187 3583 229 3651 In
256 3582 323 3650 hoc
355 3582 448 3651 enim
476 3583 564 3666 loce,
587 3602 689 3670 quem
715 3581 865 3649 Seneca³
888 3578 1029 3669 profert,
1058 3575 1307 3666 reprehendam

187 3697 341 3769 Cassium
367 3697 461 3786 quod
484 3717 582 3766 suam
607 3697 797 3765 orationem
812 3695 915 3764 modo
942 3694 1143 3764 scholastico
1168 3691 1312 3782 explicet

187 3815 243 3882 vel
268 3814 384 3903 potius
411 3813 611 3902 amplificet,
642 3820 675 3882 et
703 3813 806 3881 nimis
835 3811 924 3881 facili
954 3809 1212 3880 enumeratione
1236 3806 1310 3875 dis-

188 3935 287 3999 serat.

231 4048 303 4115 Hoc
318 4047 422 4135 igitur
435 4047 485 4114 illi
501 4044 744 4136 explicandum
761 4051 824 4113 est.
849 4070 865 4106 c
882 4043 1003 4132 Magna
1022 4048 1055 4110 et
1073 4040 1166 4109 varia
1181 4059 1236 4107 res
1256 4045 1308 4106 est

220 4309 241 4357 Ι.
260 4306 328 4372 Sura,
343 4307 428 4366 Cant,
442 4307 486 4370 ΙΙΙ,
499 4307 595 4372 praet,
610 4307 633 4358 2.
645 4335 676 4344 —
688 4308 711 4358 2.
727 4305 811 4366 cont,
829 4307 874 4370 ΙΙΙ,
888 4306 972 4372 praet,
984 4305 1022 4356 Ι8.
1037 4332 1069 4342 -
1083 4307 1107 4354 3.
1122 4302 1197 4362 leid,
1214 4303 1281 4353 8-12.
