3148 5042
700 500 865 564 ...69-

218 662 382 754 neglexit.
411 687 428 724 «
455 659 498 729 At
516 660 631 730 hercle
651 672 661 708 ¹
690 662 726 730 in
752 663 908 731 omnium
930 660 1163 732 studiosorum
1181 663 1341 734 manibus

217 781 398 844 versantur
421 777 655 846 accusationes
684 798 763 868 quae
787 779 824 846 in
848 778 1023 848 Vatinium
1042 778 1277 849 inscribuntur
1302 800 1343 849 ac

216 892 387 980 praecipue
406 890 558 960 secunda
583 912 625 961 ex
643 892 699 961 his
725 894 832 963 oratio
859 918 866 960 :
889 900 942 962 est
966 893 1060 963 enim
1083 894 1197 964 verbis
1223 902 1341 964 ornata

215 1013 250 1075 et
265 1006 459 1091 sententiis,
473 1007 614 1075 auribus
625 1005 782 1097 judicum
792 1007 1058 1090 accommodata,
1075 1009 1211 1078 ulscias
1225 1009 1341 1099 ipsum

216 1142 355 1211 quoque
374 1121 516 1207 Calvum
535 1123 746 1192 intellexisse
766 1123 850 1213 quid
869 1123 994 1192 melius
1014 1129 1117 1210 esset,
1133 1145 1198 1194 neo
1218 1124 1341 1194 volun·

214 1237 379 1322 tolomei,
401 1258 469 1326 quo
486 1238 600 1306 minus
621 1238 803 1308 sublimius
818 1245 852 1308 et
866 1237 992 1308 cultius
1007 1237 1146 1325 diceret,
1163 1240 1225 1310 sed
1243 1240 1336 1330 inge·

215 1353 313 1421 nium
329 1373 368 1421 ac
387 1354 477 1423 vires
492 1350 656 1422 defuisse.
680 1380 698 1415 »

259 1467 412 1557 Denique
431 1468 555 1537 Calvus
579 1469 777 1538 Ciceronem
801 1467 885 1554 odit,
908 1489 1014 1558 quem
1039 1469 1175 1538 Cassius
1197 1467 1340 1560 quidem

214 1585 360 1654 Severus
379 1585 490 1654 colere
514 1583 627 1667 audet,
654 1603 674 1652 a
705 1605 773 1675 quo
801 1592 917 1654 autem
945 1584 1100 1675 plerique
1127 1591 1279 1656 oratores
1305 1591 1340 1656 et

213 1699 460 1769 declamatores
483 1699 557 1788 eJus
570 1700 733 1790 temporis
749 1699 929 1770 secedunt.

259 1816 306 1884 Ex
322 1814 375 1884 his
389 1821 529 1905 apparet
551 1820 720 1903 quantum
738 1821 923 1905 sequentes
938 1822 1089 1885 oratores
1104 1816 1246 1886 Calvum
1261 1817 1339 1884 irni-

213 1931 271 1999 tati
292 1931 360 1999 sint
376 1952 385 1999 ε
401 1931 478 1999 Non
497 1936 613 1999 tamen
632 1931 733 1999 illum
753 1931 851 2001 omni
871 1951 913 2000 ex
932 1935 1027 2020 parte
1050 1930 1175 2001 imitari
1197 1932 1338 2003 voluere

212 2054 272 2115 ant
285 2051 439 2136 potuere.

261 2275 304 2344 ll.
328 2277 425 2361 Quid
441 2277 533 2345 cister
550 2277 683 2346 Atticos
702 2284 738 2345 et
759 2277 922 2348 Cassium
939 2279 1108 2348 Severum
1131 2277 1285 2368 intersit.

255 2473 298 2540 Ut
316 2479 430 2541 autem
453 2475 584 2540 tanturn
602 2470 645 2541 de
664 2478 782 2541 nostro
804 2480 937 2542 oratore
956 2471 1123 2556 dicamus,
1145 2476 1236 2542 oerte
1256 2475 1337 2542 uas-

210 2589 280 2658 sins
300 2589 443 2658 Severus
463 2608 533 2657 non
552 2608 634 2658 vere
652 2588 782 2657 Atticus
801 2588 867 2658 luit
889 2589 948 2677 qui
966 2615 982 2651 «
999 2594 1193 2679 contempto
1214 2588 1335 2658 ordine

208 2725 335 2791 rerum,
357 2705 485 2774 omissa
505 2703 674 2774 modestia
692 2725 732 2773 ac
752 2703 885 2795 pudore
904 2704 1100 2788 verborum,
1123 2705 1207 2794 ipsis
1229 2705 1334 2774 etiam

207 2820 333 2909 quibus
356 2821 463 2889 utitur
483 2821 588 2889 armis
610 2820 871 2911 incompositus,
898 2825 932 2888 et
957 2818 1069 2888 studio
1093 2818 1237 2888 feriendi
1258 2819 1332 2910 ple·

205 2957 351 3026 rumque
377 2937 569 3025 dejectus»
599 2937 715 3025 inepte
743 2941 777 3004 et
801 2934 920 3005 odiose
950 2943 985 3004 et
1011 2934 1129 3025 putide
1157 2933 1332 3004 interdum

203 3052 366 3142 loquitur,
396 3053 551 3141 etqui«
579 3073 621 3122 ex
639 3058 799 3142 tempore
827 3057 965 3121 coaetus
989 3050 1102 3120 dicere
1131 3051 1265 3119 infinito
1294 3071 1331 3121 se

202 3167 429 3238 antecedit».
455 3168 517 3236 llle
545 3174 671 3253 orator,
699 3167 753 3236 cui
786 3167 911 3236 modus
935 3164 1063 3250 deerat,
1089 3165 1271 3235 violentior
1298 3171 1333 3236 et

202 3281 377 3353 ardentior
390 3288 480 3370 erat;
498 3285 645 3353 amarior
659 3290 693 3352 et
706 3283 877 3372 asperior;
895 3281 1047 3350 ornatior
1059 3285 1094 3350 et
1108 3280 1201 3349 cultu
1215 3280 1330 3350 valen-

201 3399 267 3468 tior
286 3419 390 3488 quam
406 3404 444 3468 ut
456 3400 555 3470 attice
570 3398 681 3468 dicere
700 3398 890 3468 videretur.

248 3519 314 3588 Sed
328 3519 395 3589 hoc
409 3520 518 3589 multo
534 3521 645 3610 majus
660 3527 725 3589 est.

248 3635 374 3704 Calvus
395 3635 534 3725 quidem
554 3642 587 3706 et
607 3635 707 3704 Attici
729 3636 801 3704 veri
829 3638 981 3703 oratores
1005 3637 1098 3718 sunt,
1122 3630 1181 3720 qui
1207 3629 1250 3698 ad
1273 3649 1328 3698 res

201 3770 301 3820 veras
325 3771 363 3820 se
382 3759 471 3821 totos
495 3752 687 3836 conterunt,
715 3757 749 3820 et
771 3751 944 3842 populum
969 3752 1171 3818 senatumne
1195 3746 1231 3815 in
1250 3745 1324 3814 loro

202 3869 319 3936 autin
348 3869 441 3936 ouria
467 3869 603 3938 flectere
627 3875 796 3937 conantur
824 3887 832 3934 :
856 3865 981 3955 quihus
1003 3863 1106 3954 igitur
1129 3881 1200 3930 non
1227 3866 1325 3930 vacat

198 4002 289 4053 vana
312 3989 345 4052 et
368 3985 483 4052 inania
508 4005 620 4074 agere,
649 3983 748 4073 nugis
778 4003 816 4052 se
840 3988 874 4050 et
902 3981 988 4050 alios
1016 3978 1196 4064 delectare,
1226 3977 1322 4047 cultu

198 4099 331 4188 poetico
351 4108 386 4168 et
400 4100 512 4169 nitore
532 4099 800 4191 descriptionum
811 4097 964 4187 judicem
978 4094 1201 4186 permulcere.

231 4273 254 4320 r.
269 4269 439 4334 mantal,
455 4272 494 4320 ar.
596 4265 598 4271 ’
