3064 5044
725 485 886 548 ..32-

242 649 397 718 animum
428 646 631 731 movebant3
661 645 855 714 scholastici
889 665 960 713 non
998 664 1135 736 semper
1163 657 1368 736 argumenta

244 764 359 833 inania
378 770 412 832 et
429 783 519 832 vana
538 761 642 832 verba
660 760 890 851 proferebant,
908 760 970 830 sed
989 781 1044 831 res
1063 763 1170 832 serias
1190 770 1224 832 ot
1243 785 1365 849 novas,

244 888 282 949 ut
305 901 385 948 mox
407 877 616 963 videbimus,
641 881 843 961 tractabant,
866 884 969 966 atque
992 899 1012 946 a
1036 879 1178 948 veritate
1204 881 1368 968 opinione

245 998 360 1066 minus
375 994 608 1064 discedebant.

289 1114 422 1183 Etenim
438 1112 594 1201 quamvis
604 1111 677 1179 haec
688 1117 889 1199 argumenta
904 1131 974 1201 non
989 1109 1176 1180 admodum
1192 1110 1369 1179 eredibilia

244 1230 436 1311 videantur,
448 1235 597 1298 attamen
612 1247 684 1295 non
699 1247 836 1315 semper
850 1226 992 1296 omnino
1003 1227 1080 1296 [icta
1095 1234 1188 1295 sunt.
1202 1226 1366 1305 Quaedam

244 1367 286 1416 ex
311 1346 452 1414 historia
470 1351 529 1413 aut
547 1364 566 1412 e
586 1342 689 1412 rebus
710 1342 904 1410 recentibus
920 1340 1022 1410 dueta
1040 1349 1138 1428 sunt3
1160 1349 1220 1410 ant
1245 1343 1366 1412 saltem

244 1483 314 1531 non
337 1461 483 1530 multum
503 1481 523 1526 a
546 1460 687 1527 veritate
708 1455 981 1546 discrepant'llx
1004 1479 1072 1546 qno
1093 1457 1237 1553 allicitur
1257 1463 1295 1524 ut
1314 1457 1368 1524 baa

245 1578 635 1663 materiae‚=quanquam
665 1574 777 1662 specie
805 1593 910 1658 vana,
941 1572 984 1641 de
1010 1593 1162 1642 romanae
1195 1573 1365 1657 societatis

245 1692 398 1761 moribus
414 1711 478 1759 nos
493 1691 655 1759 certiores
670 1689 794 1758 faciant
813 1691 834 1755 ¹.

292 1810 339 1876 Ex
356 1808 411 1876 bis
425 1806 627 1894 intelligitur
645 1804 820 1894 quomodo
839 1805 894 1874 hae
914 1803 1072 1875 absurdae
1087 1804 1368 1890 declamationes,

246 1945 331 2014 quas
353 1923 506 2012 plerique
520 1929 591 1990 tam
609 1921 730 1990 acriter
748 1920 1018 2010 reprehendunt,
1036 1919 1242 2010 quibusdam
1262 1920 1369 1990 lecto·

246 2043 340 2110 ribus
356 2038 541 2128 quamdam
548 2037 797 2129 jucunditatem
812 2042 871 2106 aut
883 2038 1004 2107 saltem
1018 2037 1198 2105 utilitatem
1214 2036 1386 2126 praebere

246 2158 389 2248 possint.

366 2424 379 2494 ᾖ
402 2421 430 2479 3.
455 2422 549 2493 Quid
570 2423 655 2481 novt
678 2435 744 2481 ars
766 2422 1043 2481 declamatoria
1064 2423 1245 2482 attulerit.

291 2607 455 2675 Praeterea
474 2606 573 2673 multi
603 2605 849 2674 declamatores
869 2606 1032 2695 praeelaro
1055 2612 1088 2674 et
1107 2612 1204 2675 acuto
1229 2606 1371 2694 ingenio

246 2722 418 2791 valebant.
445 2721 576 2800 Quibus
596 2721 816 2810 reprehensio
839 2730 891 2790 est
914 2722 1021 2790 oratio
1042 2721 1175 2790 curiosa
1194 2729 1228 2790 et
1251 2723 1372 2811 putida

246 2837 464 2927 turgidaque3
492 2836 552 2905 sed
576 2857 697 2906 eorum
716 2836 852 2905 dicendi
872 2857 983 2925 genus
1011 2838 1165 2907 ornatius
1188 2838 1369 2929 latiusque

279 3051 301 3096 l.
316 3049 373 3098 lloc
388 3062 440 3097 non
459 3047 528 3109 fugit
543 3046 836 3097 saint-Marc-Girardin
848 3047 949 3109 (Esseis
960 3047 992 3096 de
1010 3047 1159 3097 litterature
1173 3050 1199 3096 et
1212 3047 1243 3096 de
1260 3051 1371 3110 morule,

246 3124 265 3170 t
282 3121 314 3180 ll,
334 3134 359 3182 p.
379 3122 433 3180 let,
450 3120 529 3181 tate).
547 3141 557 3160 ·
573 3118 622 3169 Ges
638 3122 826 3168 controversas
842 3132 875 3167 ne
891 3117 1000 3167 doivent
1015 3132 1063 3181 pas
1078 3118 1227 3168 seulement
1242 3121 1298 3170 etro
1312 3123 1371 3182 etar-

247 3191 320 3241 diees
334 3205 440 3241 comme
460 3191 508 3240 des
527 3189 660 3240 exercices
680 3188 714 3238 de
734 3189 902 3251 rbetorique;
917 3189 985 3239 mais
1001 3189 1018 3238 il
1034 3203 1050 3252 y
1064 3203 1081 3239 a
1095 3191 1120 3239 la
1135 3191 1208 3240 aussi
1228 3204 1281 3240 une
1296 3193 1370 3242 traca

247 3267 273 3312 et
288 3277 325 3312 un
340 3262 465 3311 souvenir
479 3261 526 3311 des
537 3264 630 3312 centes
642 3261 689 3324 qui
704 3259 856 3309 amnsaient
867 3259 1029 3323 l’antiquite;
1042 3274 1087 3311 cca
1101 3266 1205 3324 centes,
1216 3265 1276 3312 tout
1288 3264 1372 3314 meta·

248 3335 406 3396 morphoses
429 3332 507 3396 qrr'ils
523 3335 586 3382 sont
607 3345 640 3381 en
658 3331 817 3393 plaidoyers‚
836 3331 1012 3380 contiennent
1032 3332 1183 3394 cependant
1199 3336 1230 3397 ct
1248 3337 1274 3383 et
1289 3334 1315 3384 lb
1336 3336 1372 3384 de

246 3405 357 3454 caratauc
378 3403 595 3467 remeiqnemeats
609 3417 655 3451 aar
667 3403 704 3452 tes
720 3415 815 3450 moeurs
829 3402 873 3450 des
887 3403 1002 3464 enciens,
1017 3407 1044 3452 et
1057 3416 1120 3453 sous
1140 3417 1170 3454 ce
1186 3409 1294 3466 rapport
1309 3420 1370 3456 sur-

248 3479 307 3524 tout
321 3475 353 3522 ils
369 3475 494 3524 meritant
515 3474 599 3523 d’ttre
614 3485 725 3522 cennas,
745 3495 754 3513 »
777 3471 889 3522 —Vide
903 3487 1011 3537 quoque
1033 3475 1131 3535 Trvrnn,
1148 3473 1180 3524 de
1198 3476 1262 3524 Arte
1282 3476 1371 3526 decla·

246 3545 339 3594 mandi
351 3548 376 3594 et
389 3543 421 3594 de
434 3546 549 3594 ceraunis
563 3542 783 3593 declamatoribus
798 3545 844 3608 qui
852 3543 941 3607 priore
952 3547 1012 3608 post
1025 3545 1049 3594 J.
1065 3545 1091 3594 C.
1105 3544 1197 3596 secuto
1211 3547 1372 3610 floremont,

248 3618 308 3666 1888
324 3633 331 3666 :
350 3639 359 3657 ι
374 3616 404 3664 ln
419 3615 661 3665 declamationibus
676 3628 751 3664 veras
764 3629 859 3664 causas
874 3616 992 3678 reperies
1005 3629 1038 3665 ex
1052 3616 1166 3667 historia
1181 3617 1291 3680 ductas3
1304 3619 1373 3670 alias

248 3702 307 3750 qua
323 3688 351 3736 in
370 3687 428 3736 toro
445 3686 551 3736 tractari
566 3685 727 3748 potuissent.
738 3686 795 3734 lmo
811 3699 869 3749 quae
884 3687 982 3750 saepius
998 3688 1140 3749 tinguntur
1153 3688 1181 3738 in
1201 3703 1330 3740 novercas
1345 3698 1375 3742 et

248 3760 382 3808 venaticas
403 3772 457 3808 non
473 3756 611 3818 ajudiciis
627 3757 696 3807 adeo
713 3757 902 3822 discrepabant
924 3771 978 3822 qua
994 3762 1073 3808 aetate
1091 3760 1217 3810 vixerunt
1232 3764 1259 3810 et
1280 3761 1376 3814 Sassia

248 3830 363 3880 Cluentii
375 3829 638 3888 materetOrestilla,
651 3829 764 3892 altaque
778 3829 806 3877 in
823 3829 935 3878 historie
949 3833 1048 3880 notatae
1063 3835 1092 3880 ut
1109 3844 1158 3881 nec
1174 3831 1309 3882 adulterio
1322 3849 1375 3886 nee

248 3901 378 3951 veneficio
389 3901 565 3961 abstinentes,
576 3900 682 3950 etiamsi
695 3900 728 3949 ad
736 3899 919 3962 principatum
930 3901 1090 3951 accederent
1104 3919 1117 3946 a
1128 3903 1163 3965 (p.
1173 3903 1222 3965 te).
1232 3931 1264 3938 —
1275 3925 1285 3944 «
1297 3904 1376 3956 Asse·

248 3973 403 4022 verabimns
420 3971 538 4037 effigiem
559 3970 650 4021 saeculi
674 3985 722 4033 pro
743 3975 818 4033 parte
838 3985 887 4020 sna
906 3971 1087 4022 declamantes
1103 3973 1276 4036 expressisse,
1295 3983 1389 4038 quod·

249 4044 363 4105 posteris
383 4044 444 4093 usui
469 4046 547 4094 toret.
562 4042 680 4092 Materia
704 4055 759 4091 non
781 4042 847 4092 adeo
874 4043 1056 4106 discrepante
1070 4045 1193 4105 veritate,
1205 4058 1238 4094 ex
1256 4045 1378 4100 historia

248 4114 370 4164 dednctae
385 4119 432 4164 aut
451 4128 467 4164 a
489 4115 602 4164 veritate
623 4128 655 4164 ac
675 4127 712 4163 re.
726 4114 773 4163 Vel
792 4113 819 4162 in
836 4114 955 4163 materiis
980 4115 1105 4165 inanibus
1128 4120 1264 4178 sumptae
1280 4120 1378 4172 medio

248 4186 398 4236 atteruntur
413 4186 532 4249 exempla
551 4189 577 4235 et
595 4185 629 4235 ad
645 4199 762 4234 romanae
779 4185 915 4235 societatis
931 4190 1031 4237 statum
1048 4187 1212 4249 pertinentia
1229 4211 1240 4229 ι
1262 4189 1301 4254 (p.
1318 4193 1380 4243 lta-
