3148 5042
655 541 815 604 ..75-

172 725 324 790 causam,
354 702 468 791 obque
497 701 593 787 alias,
622 724 707 791 quas
737 725 841 794 supra
864 705 1048 795 explicavi,
1079 725 1201 775 omnes
1228 707 1300 777 iere

174 828 340 907 oratores,
356 818 514 907 neglecta
532 839 614 888 vera
630 819 838 909 eloquentia,
854 819 898 888 ad
918 819 1200 891 declamationem
1220 844 1299 893 rue-

172 942 263 1021 rant,
297 955 387 1024 quae,
416 935 543 1002 mirum
567 933 673 1020 dictu,
704 954 775 1003 non
804 935 1012 1021 exercitati0,
1039 936 1101 1006 sed
1128 937 1202 1027 ipsa
1227 940 1298 1008 elo-

173 1055 314 1146 quentia
334 1051 450 1120 habita
466 1051 545 1119 fuit.

217 1149 377 1239 Attamen
394 1188 436 1237 ex
450 1166 657 1257 quibusdam
670 1168 767 1237 factis
782 1168 935 1257 intellegi
948 1169 1116 1260 potuisset
1129 1169 1299 1239 suasorias

172 1292 208 1356 et
234 1283 486 1354 controversias
509 1302 581 1351 non
610 1283 841 1372 eloquentiam
869 1283 934 1351 tori
961 1303 1050 1370 esse,
1081 1283 1300 1354 declamatio·

173 1419 326 1488 nemque
341 1419 360 1466 a
378 1397 520 1467 veritate
535 1397 683 1467 multum
701 1397 896 1468 abhorrere.

221 1517 351 1585 Seneca
365 1515 438 1604 ipse
452 1512 518 1582 hoc
534 1513 716 1583 ridiculum
732 1513 887 1583 Albuccii
903 1521 1016 1583 narrat
1030 1515 1040 1550 ¹
1057 1541 1074 1578 «
1094 1515 1213 1600 tristis,
1230 1514 1300 1583 sol·

178 1632 261 1701 liciti
283 1630 521 1700 declamatoris
541 1627 636 1698 etde
660 1628 809 1699 dictione
830 1651 893 1698 sua
916 1631 1070 1700 timentis
1094 1631 1197 1699 etiam
1222 1651 1301 1698 cum

177 1747 334 1830 dixisset,
365 1765 468 1833 quem
494 1745 570 1813 haec
597 1745 792 1815 sollicitudo
820 1745 952 1835 fugavit
978 1766 999 1814 a
1022 1746 1096 1815 foro
1115 1751 1149 1815 ct
1168 1752 1301 1815 tantum

175 1863 281 1932 nnius
296 1862 414 1951 tigurae
429 1859 578 1930 crudelis
592 1859 737 1930 eventus
753 1888 784 1929 e.
801 1862 886 1928 Nam
903 1861 1043 1931 schema
1053 1861 1196 1947 dixerat,
1208 1861 1303 1950 quod

175 1978 395 2048 adversarius
418 1997 490 2046 non
512 1977 610 2065 quasi
625 1977 773 2066 figuram
792 1983 978 2067 acceperat,
1000 1985 1102 2067 atque
1122 1977 1158 2044 in
1178 1978 1302 2046 seriam

177 2093 415 2164 condicionem
430 2099 589 2162 verterat.
605 2120 621 2156 α
639 2093 716 2162 Non
731 2092 809 2185 tulit
823 2093 913 2161 banc
928 2092 1184 2176 contumeliam,
1202 2113 1302 2160 num-

178 2230 282 2300 quam
302 2209 451 2298 amplius
474 2208 511 2275 in
530 2207 603 2277 foro
624 2207 717 2276 dixit.
742 2208 936 2279 Delectabat
955 2209 1105 2277 illumin
1131 2206 1301 2276 declama·

177 2325 334 2396 tionibus
348 2323 442 2413 quod
461 2323 635 2392 schemate
650 2324 724 2395 sine
737 2324 888 2415 periculo
904 2323 1116 2394 dicebantur.
1140 2351 1156 2386 »

225 2443 251 2511 0
277 2441 397 2528 quales
419 2446 572 2509 oratores
590 2439 649 2529 qui
668 2440 772 2509 unius
790 2441 910 2529 tigurae
927 2446 1053 2510 eventu
1077 2439 1249 2528 lugentur,
1271 2446 1304 2508 et

178 2557 323 2626 innoxia
338 2555 513 2625 schemata
526 2575 619 2624 verae
635 2554 841 2645 eloquentiae
856 2556 1055 2646 praeierunt!

179 2727 184 2738 .
225 2674 303 2742 Non
322 2677 439 2740 nutem
456 2672 593 2760 ignorat
611 2671 840 2750 Quintilianus
856 2693 963 2762 quam
988 2671 1191 2741 declamatio
1206 2668 1306 2740 dissi·

180 2789 273 2858 milis
301 2787 347 2856 sit
365 2787 581 2877 eloquentiae,
607 2794 790 2877 narratque
814 2787 898 2877 quid
924 2788 1042 2857 Porcio
1061 2787 1197 2857 Latroni
1217 2787 1305 2856 acci-

180 2904 282 2973 derit.
302 2929 318 2966 «
336 2903 421 2970 Cum
441 2904 471 2971 ei
486 2904 510 2989 ¹,
529 2923 698 2971 summam
715 2904 750 2971 in
766 2903 894 2972 scholis
910 2903 1110 2992 opinionem
1125 2903 1305 2990 obtinenti,

178 3037 285 3088 causa
299 3018 336 3085 in
351 3017 425 3087 toro
440 3022 533 3086 esset
546 3016 687 3102 oranda,
700 3018 856 3107 impense
873 3017 1018 3107 petierit,
1031 3017 1080 3085 uti
1097 3018 1260 3087 subsellia
1270 3017 1306 3086 in

177 3134 357 3204 basilicam
372 3133 650 3202 transferrentur.
662 3133 770 3200 Itailli
780 3133 905 3202 caelum
916 3154 1046 3202 novum
1057 3133 1133 3218 fuit,
1145 3139 1183 3201 ut
1194 3133 1306 3202 omnis
1345 3127 1347 3132 ’

178 3250 259 3340 ejus
274 3249 471 3339 eloquentia
485 3249 653 3317 contineri
673 3253 761 3318 tecto
776 3269 815 3318 ac
829 3247 1015 3338 parietibus
1030 3246 1214 3318 videretur.
1234 3275 1250 3310 »

226 3364 315 3434 Inde
329 3370 423 3454 patet
437 3384 540 3453 quam
560 3365 604 3434 sit
618 3364 730 3432 inanis
746 3365 821 3434 baec
839 3359 1081 3434 declamatoria
1096 3364 1303 3453 eloquentia,

179 3502 258 3571 quae
284 3501 369 3551 vera
395 3481 593 3551 discrimina
615 3486 650 3550 et
681 3502 802 3551 verum
837 3481 945 3550 solem
975 3479 1190 3564 reformidat;
1225 3479 1306 3550 inde

176 3603 276 3689 patet
296 3597 359 3666 bas
381 3597 640 3682 exercitationes
659 3597 762 3666 falsas
780 3604 883 3686 atque
904 3597 1008 3665 etiam
1025 3597 1211 3666 contrarias
1231 3599 1307 3687 qui-

179 3712 332 3782 busdam
348 3712 544 3781 rhetoribus
562 3710 683 3782 videri.
768 3691 772 3697 ⁵

231 3827 318 3906 Quid
335 3825 428 3916 quod
445 3828 573 3898 Seneca
590 3829 664 3917 ipse
682 3830 807 3898 fatetur
823 3828 1106 3898 declamationem
1128 3827 1192 3897 sibi
1207 3826 1307 3895 taedio

179 3942 282 4012 fieri?
302 3943 385 4032 quid
407 3943 501 4033 qnod
522 3944 627 4034 hujus
645 3943 737 4012 taedii
760 3945 832 4014 iere
853 3964 991 4014 causam
1009 3944 1213 4033 introspicit,
1231 3963 1309 4012 cum

180 4058 361 4130 existimat
383 4059 571 4130 hancrem
596 4081 667 4130 non
696 4061 820 4130 seriam
844 4064 940 4130 esset
963 4087 980 4125 «
1004 4059 1173 4130 Fatebor³
1196 4058 1307 4143 vobis,

217 4310 1308 4404 r.c0nt.‚v11,menese-armaerat'.‚x,e,1r-ta-a.oont.,x,praer.,1.
