3094 5062
591 471 594 480 ¹
674 509 854 584 ,ηπ-ὴ

232 678 328 748 tado
348 677 440 766 quod
460 677 677 747 recitationes
696 678 733 745 in
752 677 826 747 dies
846 678 982 766 florent,
1000 680 1035 746 in
1056 681 1181 768 quibus
1200 682 1314 751 colore

185 795 449 876 sententiarum,
480 794 591 862 nitore
626 793 909 883 descriptionum,
942 795 1125 885 splendore
1158 803 1191 866 et
1219 798 1315 865 cultu

184 911 384 992 verborum,
409 917 443 979 et
468 911 602 1000 poetico
633 910 758 979 decore
782 909 918 979 auditor
944 909 1131 980 delectatur
1153 913 1318 1001 eloquen-

184 1029 303 1116 tiaque
326 1027 574 1114 corrumpitur;
596 1024 684 1094 adde
704 1024 800 1113 quod
828 1025 1096 1095 declamationes
1124 1028 1316 1098 increbres-

185 1150 282 1227 cunt,
298 1148 399 1232 atque
415 1140 663 1210 adulescentuli
681 1142 771 1209 male
788 1143 1027 1210 instituuntur.
1045 1170 1061 1205 u
1074 1143 1315 1212 Deducuntur¹

184 1261 222 1327 in
252 1258 400 1336 scholas,
422 1257 459 1325 in
483 1256 607 1346 quibus
633 1277 703 1325 non
734 1257 832 1326 facile
857 1256 1002 1326 dixerim
1031 1265 1192 1328 utrumne
1218 1259 1315 1328 locus

184 1377 259 1466 ipse
273 1395 316 1442 an
333 1372 558 1463 condiscipuli
575 1394 617 1441 an
636 1393 746 1462 genus
762 1372 954 1442 studiorum
974 1375 1052 1464 plus
1071 1375 1150 1442 mali
1166 1375 1316 1464 ingeniis

183 1491 340 1560 afferant.
365 1516 381 1551 »

230 1605 409 1674 Petronius
429 1631 446 1667 «
462 1604 568 1673 furias
596 1632 612 1667 »
634 1603 903 1674 declamatorum
934 1605 1054 1674 irridet
1074 1606 1311 1694 tumidumque

182 1743 295 1812 genus
322 1719 477 1802 dicendi,
503 1709 668 1809 acuteque
698 1719 854 1789 ostendit
882 1729 1049 1810 quantum
1077 1749 1093 1783 α
1118 1722 1172 1789 hae
1199 1722 1314 1790 decla-

181 1840 354 1908 mationes
374 1858 393 1905 a
413 1838 554 1906 veritate
573 1837 781 1907 abhorreant
798 1865 828 1907 ».
847 1839 951 1926 Cujus
965 1839 1015 1906 rei
1031 1838 1167 1926 culpam
1184 1838 1219 1904 in
1235 1838 1313 1907 rhe-

182 1962 275 2024 tores
296 1954 480 2023 translerre
502 1974 572 2021 non
588 1953 720 2022 dubitat
741 1977 749 2022 ε
770 1982 787 2016 «
805 1955 889 2022 Pace
904 1959 1017 2022 vestra
1031 1955 1042 1988 ²
1056 1954 1155 2022 liceat
1170 1952 1310 2035 dixisse,

181 2072 286 2162 primi
320 2070 476 2138 omnium
501 2070 733 2157 eloquentiam
763 2067 1016 2158 perdidistis.»
1047 2069 1170 2138 Nonne
1197 2075 1311 2137 autem

181 2188 338 2256 rhetores
354 2185 396 2254 de
415 2185 593 2275 discipulis
612 2191 646 2253 et
660 2184 864 2274 parentibus
886 2186 982 2274 queri
1004 2185 1147 2274 possint,
1170 2190 1208 2252 ut
1222 2185 1310 2272 Aga-

182 2323 350 2371 memnon
380 2301 549 2369 Patronii?
576 2327 592 2363 a
619 2301 829 2368 Minimum³
858 2302 892 2368 in
923 2300 977 2368 his
1012 2301 1311 2370 exercitationibus

181 2419 341 2487 doctores
370 2423 524 2507 peccant,
547 2417 604 2505 qui
631 2436 772 2486 necesse
799 2415 927 2484 habent
950 2437 1029 2484 cum
1058 2415 1310 2486 insanientibus

181 2537 309 2604 furere.
327 2535 412 2602 Nam
433 2534 468 2600 ni
489 2532 637 2602 dixerint
656 2553 733 2621 quae
758 2532 1008 2601 adulescentuli
1027 2533 1185 2623 probent,
1208 2539 1246 2600 ut
1265 2532 1311 2599 ait

178 2651 310 2731 Cicero,
333 2649 398 2717 soli
417 2650 453 2715 in
477 2648 605 2716 scholis
625 2648 877 2737 relinquentur.
902 2675 918 2712 o
940 2686 982 2698 -
1005 2675 1021 2711 «
1044 2650 1205 2717 Parentes
1221 2649 1232 2682 ⁴
1247 2646 1311 2714 ob-

174 2766 376 2855 jurgatione
395 2764 490 2854 digni
505 2771 597 2849 sunt,
619 2765 677 2852 qui
701 2763 825 2832 nolunt
839 2764 967 2832 liberos
988 2785 1070 2832 suos
1094 2784 1213 2832 severa
1233 2763 1309 2852 lege

178 2882 393 2972 proficere.»

227 2996 459 3074 Quintilianus
476 3015 626 3084 quoque,
642 2996 758 3064 rhetor
772 2996 845 3085 ipse
868 3003 995 3079 tamen,
1017 2996 1174 3085 quamvis
1194 2993 1307 3063 decla-

178 3114 367 3181 mationem
386 3133 454 3180 non
471 3131 631 3180 accusare
646 3112 781 3196 audeat,
798 3118 832 3180 et
854 3118 972 3196 contra
984 3111 1127 3201 probare
1138 3109 1305 3193 videatur,

86 3301 90 3306 ,
179 3229 288 3316 hujus
316 3228 568 3296 exercitationis
598 3228 816 3296 incommoda
842 3228 946 3296 videt.
979 3228 1058 3295 Sino
1091 3227 1195 3295 dubio
1233 3228 1308 3295 haec

179 3344 390 3427 exercitatio,
419 3345 543 3432 inquit,
570 3372 586 3406 «
607 3351 645 3412 ut
669 3365 710 3413 ex
731 3345 919 3412 omnibus¹5
943 3344 1130 3412 novissime
1153 3345 1304 3422 inventa,

178 3463 228 3528 ita
247 3461 356 3528 multo
376 3466 427 3528 est
443 3460 624 3528 utilissima
643 3487 673 3528 ›>.
699 3461 823 3529 Noster
847 3468 961 3528 autem
986 3460 1102 3528 rhetor
1121 3459 1306 3547 quamdam

176 3576 424 3644 correctionem
454 3577 508 3644 his
532 3575 648 3645 verbis
680 3576 832 3645 adhibet.
870 3604 886 3639 «
915 3577 962 3644 Eo
993 3577 1131 3665 quidem
1158 3596 1212 3644 res
1242 3577 1307 3644 ista

173 3690 279 3779 culpa
299 3690 496 3760 docentium
520 3691 641 3761 recidit
661 3699 698 3759 ut
722 3693 811 3760 inter
835 3693 1032 3782 praecipuas,
1055 3714 1132 3781 qua
1153 3713 1303 3760 corrum-

171 3815 298 3896 perent
321 3806 570 3895 eloquentiam,
600 3828 721 3876 causas
744 3809 881 3876 licentia
906 3815 1007 3896 atque
1030 3809 1165 3876 inscitia
1188 3807 1304 3875 decla-

174 3924 348 3991 mantium
365 3923 478 3992 fuerit.
500 3951 516 3986 »

223 4039 361 4107 Fatetur
381 4039 470 4108 hano
489 4041 766 4110 exercitationem
787 4041 985 4109 continuam
1007 4041 1199 4109 oratoribus
1218 4039 1305 4128 peri-

212 4306 234 4352 l.
251 4303 334 4367 aiut,
348 4305 428 4355 35.-
441 4309 465 4356 2.
481 4305 558 4365 sata,
574 4308 597 4356 2.
611 4333 642 4343 -
652 4309 675 4356 3.
686 4307 761 4367 tttct„
774 4309 797 4357 3.
811 4336 843 4346 —
857 4311 880 4359 l.
895 4309 970 4369 ttici„
983 4312 1006 4360 t.
1021 4338 1052 4346 —
1067 4313 1090 4362 5.
1106 4312 1203 4372 Ourna,
1217 4313 1250 4373 ll,
1264 4315 1303 4363 tt.
