3064 5044
244 705 286 754 ac
299 683 449 774 speciem
463 683 627 753 orationis
640 703 717 754 esse
732 681 946 752 mutandam.
966 709 982 744 »
1000 681 1165 750 Nostrum·
1176 681 1279 770 igitur
1295 704 1365 752 ora-

245 806 368 887 torem,
395 820 472 868 cum
501 799 625 870 veteris
655 799 860 890 eloquentiae
887 798 929 867 ab
962 797 1144 868 itineribus
1171 817 1209 866 se
1234 801 1363 884 avertit,

244 917 413 988 erravisse
427 916 622 985 existimare
641 917 734 1002 licet,
751 916 813 986 sed
827 916 926 986 illum
945 914 987 984 de
1004 914 1182 997 industria,
1199 935 1271 984 non
1284 915 1365 988 forte

244 1032 406 1123 quadam,
424 1033 592 1104 erravisse
608 1033 788 1103 fateamur.

253 1207 255 1211 .
287 1150 331 1218 At
345 1149 437 1218 enim
454 1149 503 1216 sic
517 1146 649 1237 judicat
665 1149 756 1239 Aper
776 1150 835 1237 qui
855 1149 1065 1239 antiquitatis
1083 1146 1248 1218 vexandae
1268 1155 1364 1238 atque

243 1263 441 1350 irridendae,
462 1265 678 1353 recentisque
703 1265 869 1355 temporis
892 1264 1053 1334 laudibus
1080 1263 1268 1333 extollendi
1294 1263 1364 1333 offi-

242 1379 334 1448 cium
360 1380 520 1470 suscepit.
545 1379 634 1458 Quin
658 1380 766 1449 immo
795 1381 952 1463 Messala,
976 1380 1033 1469 qui
1057 1384 1191 1449 veteres
1217 1386 1363 1449 oratores

243 1497 343 1565 novis
362 1495 529 1566 anteferre
549 1517 620 1564 non
640 1495 784 1579 dubitat,
807 1499 971 1567 omnihus
993 1495 1143 1582 disertis,
1166 1497 1224 1585 qui
1248 1503 1364 1586 postea

242 1611 393 1696 fuerunt,
413 1633 495 1680 euru
516 1613 703 1702 anteponit.
729 1640 745 1676 ιι
767 1612 959 1702 Equidem¹
978 1634 1049 1682 non
1068 1613 1266 1701 negaverim
1286 1615 1363 1682 Gas-

242 1727 332 1796 sium
345 1728 521 1808 Severum,
539 1728 567 1797 si
583 1729 627 1797 iis
641 1734 870 1819 comparetur,
886 1729 945 1819 qui
964 1733 1082 1818 postea
1096 1728 1245 1810 fuerunt,
1263 1749 1363 1818 posse

240 1849 409 1912 oratorem
429 1846 555 1913 vocari.
580 1871 596 1906 ιι
623 1843 682 1915 (lui
706 1846 780 1914 sine
807 1843 925 1932 dubio,
948 1851 985 1914 ιιι
1007 1843 1215 1926 videbimus,
1236 1844 1365 1933 aliquot

240 1960 323 2029 vitia
337 1961 464 2050 objicit,
481 1961 606 2031 multas
626 1968 742 2032 autem
763 1963 928 2032 oratorias
947 1963 1091 2031 virtutes
1105 1960 1273 2030 coneedit.

285 2077 438 2166 Denique
462 2099 507 2148 ne
524 2078 775 2148 obliviscamur
794 2079 903 2148 multo
923 2085 1002 2169 post
1021 2077 1126 2147 Cassii
1140 2078 1255 2147 Severi
1275 2099 1363 2146 mor-

240 2199 309 2262 tem
340 2194 528 2265 Oratoriam
560 2195 817 2264 Institutionum
846 2216 866 2264 a
898 2195 1002 2273 Quint
988 2195 1105 2263 tiliano
1139 2195 1363 2283 compositam

238 2309 357 2396 fuisse,
389 2311 446 2398 qui
480 2318 595 2380 tamen
623 2312 823 2399 frequenter
849 2312 953 2400 hujus
981 2331 1042 2380 sen
1045 2310 1169 2380 tentias
1197 2317 1231 2378 et
1258 2311 1363 2380 verba

237 2425 433 2494 recordatur
452 2434 486 2495 et
504 2427 647 2515 profert,
620 2428 778 2496 tmulto
797 2433 887 2517 post,
909 2427 1089 2515 Dialogum
1108 2426 1151 2496 de
1170 2431 1243 2495 orat
1230 2427 1361 2496 toribus

238 2543 389 2610 alacitro
354 2543 577 2632 toseriptnm
599 2563 688 2630 esse,
710 2545 770 2631 qui
793 2544 983 2613 recentium
1008 2549 1182 2612 oratorum
1206 2544 1361 2612 Gessium

238 2656 403 2724 Severum
425 2657 613 2747 principem
637 2658 744 2727 fuisse
768 2657 904 2728 fatetur
930 2657 1092 2747 AEquales
1120 2655 1259 2745 quidem
1290 2676 1360 2725 suar

235 2772 367 2840 aetatis
358 2774 471 2842 manis
487 2773 696 2844 declamator
711 2773 918 2863 quibusdam
933 2773 1134 2844 calamistris
1149 2777 1208 2841 eut
1194 2773 1360 2841 thistrio·

236 2888 377 2957 nalit
324 2896 377 2957 act
379 2891 457 2959 ione
477 2889 645 2981 decipere,
662 2896 740 2981 post
741 2911 819 2961 eros
838 2896 896 2959 aut
897 2911 952 2960 em
973 2889 1090 2958 nullus
1109 2889 1175 2958 nisi
1188 2909 1270 2959 vere
1290 2889 1358 2958 elo·

235 3013 346 3092 quens
365 3003 533 3075 delectare
552 3012 587 3075 et
605 3027 744 3078 movere
762 3013 887 3098 potest.

314 3290 367 3366 ξι
380 3293 470 3363 Quae
484 3294 607 3352 Gassll
620 3293 750 3352 Severi
764 3293 929 3353 oratoris
942 3291 1106 3350 virtutes
1120 3289 1272 3350 fuerint.

277 3449 357 3526 Quae
376 3449 481 3539 hujus
496 3455 569 3519 orat
570 3449 639 3520 oris
659 3453 841 3542 praecipuae
860 3455 894 3518 et
915 3448 1102 3540 peculiares
1120 3445 1354 3516 virtutesiue·

231 3564 312 3648 rint,
329 3585 423 3632 nunc
436 3565 658 3655 inspiciemus
672 3573 706 3636 et
720 3586 995 3657 percenseamus

276 3678 375 3747 Certe
408 3683 467 3746 nat
469 3699 508 3748 us
536 3685 608 3748 erat
595 3679 673 3748 tad
695 3678 880 3749 dicendum
902 3679 962 3748 ille
986 3705 1004 3742 κ
1028 3677 1148 3748 orandi
1176 3677 1311 3747 validus
1333 3704 1349 3739 n

232 3815 335 3884 quem
360 3793 462 3873 Quint
450 3795 588 3864 tilianus
607 3797 697 3864 Tacit
684 3801 875 3886 tutusque,
838 3795 983 3864 utnihil
1007 3793 1050 3864 de
1076 3796 1205 3865 Seneca
1228 3793 1348 3872 dicam,

231 3911 472 4000 magnifacere
487 3931 557 3980 non
572 3911 741 3982 dubitant.

274 4029 336 4096 Hic
358 4034 473 4096 autem
497 4049 609 4098 novus
629 4035 756 4114 orator,
773 4035 811 4097 ιιι
836 4029 872 4096 in
893 4028 1036 4118 reliquis
1055 4027 1209 4118 partibus
1223 4047 1243 4095 a
1256 4030 1351 4096 vete-

229 4143 323 4214 ribus
338 4142 490 4233 flexemt,
507 4143 553 4213 ita
567 4166 627 4215 eos
647 4144 776 4235 aliquot
789 4144 894 4216 rebus
913 4150 1050 4216 secutus
1065 4149 1149 4216 erat.

259 4323 283 4371 l.
298 4319 377 4379 dial„
394 4322 432 4369 26.

1509 683 1512 760 l
