3094 5062
775 499 935 564 -10..

290 685 379 736 num.
402 691 419 728 n
437 665 547 754 Atque
572 670 750 755 percenset
774 665 977 753 omnesqui
1001 663 1066 732 sub
1088 665 1242 753 Augusto
1261 663 1415 732 historiis

289 785 348 850 aut
361 777 571 850 carminibus
592 779 701 848 multo
716 779 873 870 graviora
890 785 925 850 et
943 779 1114 868 impunita
1132 777 1255 848 delicta
1268 779 1414 848 commi-

289 901 429 968 acrant:
452 895 527 966 Non
548 894 688 986 qnidam
709 895 899 964 Labienum
919 901 953 964 et
967 895 1120 964 Cassium
1143 896 1307 965 Severum
1320 915 1414 964 com-

290 1019 469 1084 rncrnornt.

334 1127 490 1198 (larianum
511 1145 566 1196 res
586 1123 686 1196 nobis
709 1125 862 1215 asperior
880 1145 956 1196 esse
975 1124 1111 1195 videtur
1132 1127 1292 1195 Cremutii
1314 1126 1415 1194 Cordi

290 1241 463 1334 opinione,
481 1243 606 1334 quippe
621 1262 698 1332 quae
714 1241 860 1331 simplex
870 1261 942 1310 non
957 1241 1012 1327 sit,
1031 1240 1092 1310 sed
1107 1262 1186 1309 cum
1204 1241 1322 1309 multis
1335 1241 1415 1310 aliis

289 1359 483 1450 corrjnncta.
496 1359 630 1428 Tacitus
641 1357 781 1448 quidem
788 1359 866 1448 jure
876 1357 1054 1427 contendit
1068 1378 1137 1425 non
1149 1359 1291 1447 capitale
1306 1357 1413 1426 luisse

290 1473 430 1544 lirntnnr
447 1480 480 1543 ot
499 1473 653 1544 Gessium
673 1473 892 1543 laudavisse:
911 1493 979 1542 non
1004 1481 1117 1542 autem
1139 1475 1219 1542 satis
1238 1481 1290 1542 est
1309 1472 1412 1559 diota,

290 1607 478 1680 nurrtqnam
495 1587 682 1680 punienda,
702 1589 845 1674 alantis,
867 1611 944 1678 quae
960 1609 1221 1679 nonnumquam
1238 1590 1416 1678 punienda

288 1709 381 1788 sunt,
399 1703 603 1794 generalitor
622 1725 813 1795 segregare.
837 1705 870 1773 Si
889 1705 966 1794 quis
987 1707 1081 1773 enim
1100 1703 1223 1793 probra
1243 1705 1353 1794 turpia
1377 1706 1414 1772 in

287 1821 380 1892 viros
399 1825 433 1890 ot
453 1807 597 1892 lominus
616 1821 808 1910 saepissime
824 1821 937 1910 jecere
956 1829 1136 1910 proponat,
1159 1825 1218 1890 aut
1236 1819 1348 1888 verbis
1370 1819 1415 1888 ed

288 1935 402 2006 scolas
417 1941 450 2006 ot
464 1935 662 2006 incendium
678 1937 770 2007 cives
784 1936 975 2026 impellere,
990 1937 1086 2006 illine
1100 1936 1213 2005 licebit
1227 1936 1293 2004 boc
1308 1934 1414 2004 modo

288 2071 425 2120 cattsatn
441 2071 538 2122 suurn
554 2049 740 2122 defundere
757 2076 765 2121 :
787 2081 803 2116 a
820 2053 870 2121 Ne
885 2051 1068 2120 minimum
1083 2050 1222 2140 quidem
1237 2058 1414 2140 peccatum

288 2167 461 2254 cornurisi3
492 2167 658 2236 laetorum
694 2167 788 2237 enim
823 2168 990 2237 innocens
1023 2189 1101 2236 sum
1130 2171 1173 2235 »i
1205 2166 1291 2246 Quid
1320 2166 1416 2256 quod

289 2281 387 2350 anonis
403 2279 534 2350 artibus
547 2279 647 2372 (quas
662 2281 795 2350 Tacitus
809 2281 942 2350 suturas
957 2301 1027 2350 non
1043 2301 1253 2371 praesumere
1267 2281 1414 2370 poterat)

288 2394 411 2488 pruina
434 2401 469 2466 ot
501 2395 749 2465 concitamenta
777 2396 903 2466 millies
927 2397 1043 2486 pejora
1070 2403 1151 2466 sunt
1178 2396 1281 2466 hodie
1309 2415 1414 2484 quam

289 2517 440 2601 tompore
463 2510 606 2602 Aaagnsti
629 2517 663 2580 ot
682 2511 826 2581 Tiberii?
846 2512 925 2581 Sine
945 2510 1062 2596 dubio,
1083 2511 1263 2598 fateamur,
1279 2512 1415 2580 Tacitus

286 2626 481 2696 aridissima
499 2625 607 2696 dicit:
633 2653 649 2690 a
676 2627 795 2718 Spreta
818 2628 1035 2714 exolescunt;
1061 2628 1090 2696 si
1114 2627 1270 2711 irascare,
1295 2628 1415 2716 agnita

285 2739 448 2812 vittantur
464 2767 494 2812 a.
512 2743 587 2810 Non
603 2761 740 2834 sarrnper
755 2751 868 2833 potest
881 2743 955 2812 lieri
969 2751 1005 2812 ut
1020 2742 1178 2832 quaedam
1197 2763 1355 2832 spernas;
1378 2749 1412 2812 et

286 2859 314 2926 si
330 2875 399 2924 non
420 2857 576 2936 irascatna,
590 2863 663 2926 turn
679 2859 828 2928 manime
844 2858 959 2948 agnita
971 2857 1144 2926 ridentur.

330 2971 418 3042 ilino
436 2971 532 3042 ittarta
557 2973 651 3060 logos
671 2993 798 3043 nonme
817 2973 955 3064 quibus,
972 2995 993 3042 a
1011 2972 1215 3042 decemviris
1237 2993 1348 3061 usque
1367 2972 1412 3041 ad

285 3093 438 3158 rtostnnn
473 3095 626 3174 rotatum,
658 3089 680 3157 ii
710 3089 770 3179 qui
796 3089 991 3160 unitatibus
1023 3095 1176 3178 praesunt
1203 3089 1247 3158 da
1276 3089 1340 3158 hac
1372 3110 1411 3158 re

283 3211 435 3276 statuero
454 3207 567 3276 conati
588 3213 680 3276 sunt.
705 3205 771 3276 Sed
791 3206 915 3275 trustra
936 3228 945 3275 :
968 3207 1062 3295 Saepe
1084 3207 1178 3274 enim
1201 3227 1273 3275 non
1300 3207 1412 3274 facilis

283 3327 334 3390 ost
360 3319 533 3392 distinctio
562 3321 644 3392 liciti
671 3321 754 3392 salis
781 3329 816 3392 ot
847 3322 972 3391 illicita
1001 3321 1235 3404 contumeliae;
1265 3323 1413 3411 quisque

285 3435 349 3505 tna
366 3435 529 3506 italictnnr
550 3437 643 3506 tario
663 3437 959 3527 interpretraltitur3
981 3458 1075 3506 nunc
1096 3439 1214 3506 omnia
1233 3458 1410 3525 concessa,

284 3571 377 3622 natine
392 3553 508 3620 urnula
523 3551 695 3642 prntbibita
710 3552 932 3622 ritialarutur.
954 3551 1166 3630 Quibusdam
1181 3555 1409 3642 temporibus,

282 3665 349 3738 snb
373 3667 497 3738 andra
521 3667 661 3758 priuata
685 3667 862 3758 dignatatis
885 3666 1124 3757 pnstagaudaa,
1145 3668 1251 3736 ullius
1273 3677 1348 3736 acta
1367 3691 1414 3738 nc

284 3783 536 3876 aipistaulem
562 3783 703 3874 qtddotn
727 3783 853 3852 licebit.
884 3783 1112 3852 immodicum
1138 3785 1335 3874 imperium,
1375 3793 1415 3853 ut

283 3897 477 3968 irritamina·
500 3899 646 3968 titanati
667 3907 833 3979 arura-at,
851 3899 1017 3988 ltnptrandi
1030 3907 1064 3967 et
1079 3898 1250 3968 scribendi
1269 3900 1413 3969 liberta·

283 4021 353 4084 tout
374 4011 447 4084 tara
463 4015 605 4084 attttrnno
624 4013 786 4083 alaneio.
807 4015 873 4082 atii
899 4015 1014 4103 igitur,
1029 4013 1073 4082 ad
1093 4014 1283 4083 tollendam
1303 4015 1413 4083 licen-

284 4129 378 4200 aaa.
401 4129 524 4200 tollant
540 4140 572 4200 rt
593 4131 803 4203 lilartntant:
820 4129 877 4197 alii
896 4138 1013 4198 tatntra
1033 4129 1077 4198 ad
1097 4131 1288 4200 libertatem
1308 4141 1412 4200 tuen·

282 4241 377 4314 dtun.
397 4245 574 4315 studiant
594 4245 659 4316 sibi
673 4254 706 4315 at
720 4246 907 4314 litandam.
