3148 5042
675 492 835 556 ..49-

233 658 317 726 Haec
335 661 450 724 autem
468 653 670 742 impotentia
693 653 817 721 oratori
843 661 956 740 nocet,
978 657 1036 745 qui
1060 678 1131 727 non
1158 660 1308 732 motibus

189 773 295 842 animi
322 771 375 840 sui
399 771 555 859 imperat,
586 773 699 858 atque,
724 768 774 836 ira
797 777 855 838 aut
878 771 1008 840 invidia
1029 773 1209 863 impulsus,
1236 797 1307 848 non

190 888 270 957 dicit
283 886 366 977 quid
382 886 510 967 deceat,
528 883 609 952 dicit
628 882 710 973 quid
729 883 896 966 indecoat,
915 886 1062 957 inimicis
1076 888 1202 959 densos
1221 891 1308 962 ictus

190 1006 310 1074 acriter
339 1002 475 1092 infligit,
497 1002 656 1089 latusque
684 1021 786 1068 suum
813 1002 944 1091 praehet
974 1011 1008 1074 et
1035 1003 1198 1076 adversos
1220 1007 1308 1078 ictus

191 1122 263 1210 ipse
279 1140 400 1188 cavere
416 1117 575 1206 neglegit.
589 1117 703 1184 Cicero
719 1115 857 1204 quidem
875 1147 891 1180 «
910 1140 1035 1210 magno
1050 1121 1059 1158 ¹
1075 1142 1212 1213 semper
1226 1145 1308 1193 usus

191 1237 322 1325 impetu
342 1253 435 1323 saepe
454 1231 667 1301 adversarios
688 1229 730 1299 de
750 1238 840 1302 statu
858 1236 952 1302 omni
973 1234 1150 1323 dejiciebat
1171 1265 1202 1308 ».
1228 1239 1310 1308 Cas·

194 1352 264 1420 sius
284 1357 398 1418 autem
413 1348 558 1418 Severus
572 1348 676 1416 nimis
691 1367 815 1436 magno
835 1370 919 1417 usus
937 1350 1067 1438 impetu
1087 1353 1129 1420 de
1148 1359 1238 1422 statu
1254 1375 1316 1423 suo

193 1488 230 1536 sc
245 1467 359 1555 ipsum
375 1464 501 1555 dejicit.

238 1583 291 1651 Sic
319 1581 412 1649 enim
441 1580 483 1648 de
511 1580 570 1647 illo
598 1580 731 1648 Tacitus
755 1579 896 1669 judicat.
927 1609 943 1642 «
974 1582 1160 1672 lomagna
1187 1573 1315 1672 parte*

194 1698 360 1766 librorum
380 1716 523 1765 suorum
542 1696 618 1784 plus
643 1696 696 1764 vis
718 1698 729 1730 ³
758 1695 861 1764 habet
884 1717 987 1785 quam
1011 1698 1199 1787 sanguinis.
1226 1700 1313 1789 lpsis

195 1816 296 1883 etiam
318 1813 444 1901 quibus
461 1813 568 1880 utitur
580 1811 684 1880 armis
703 1811 965 1900 incompositus,
982 1819 1016 1882 et
1031 1812 1144 1883 studio
1170 1815 1314 1886 feriendi

194 1931 398 2020 plerumque
417 1928 580 2016 dejectus,
599 1947 669 1994 non
683 1931 824 2017 pugnat,
842 1925 902 1995 sed
918 1926 1058 1996 rixetur.
1080 1956 1096 1990 o

240 2044 338 2124 Quod
361 2045 550 2111 maximum
568 2043 688 2112 vitium
710 2042 908 2110 habendum
928 2048 991 2129 est,
1014 2044 1043 2112 si
1063 2045 1220 2133 perlectae
1243 2047 1317 2116 elo·

196 2161 344 2252 quentiae
368 2160 517 2250 speciem
541 2165 657 2248 mente
680 2158 954 2247 complectimur3
985 2157 1045 2227 sed
1069 2160 1233 2246 hadvis,
1261 2162 1318 2230 hic

195 2278 321 2362 fervor,
338 2276 394 2344 hic
407 2277 556 2364 impetus
575 2274 789 2343 adversarios
804 2273 962 2342 terrebat.
982 2301 998 2336 «
1016 2276 1126 2345 Iratus
1139 2278 1151 2312 Ι
1164 2297 1317 2347 commo·

196 2393 274 2462 dius
298 2391 430 2460 dicebat
458 2398 492 2460 et
512 2390 589 2461 ideo
616 2390 877 2480 diligentissime
901 2391 1068 2461 cavebant
1090 2393 1250 2462 hominos
1273 2414 1318 2462 ne

197 2507 368 2602 dicentem
393 2506 660 2595 interpellarent.
689 2506 753 2574 Uni
772 2505 820 2573 illi
845 2507 1004 2596 proderat
1023 2507 1164 2578 excuti:
1191 2509 1316 2578 melius

195 2643 333 2713 semper
346 2621 485 2690 fortuna
499 2641 603 2710 quam
618 2642 698 2716 cura
713 2620 756 2690 de
775 2621 834 2691 illo
850 2622 1057 2691 merebatur.
1082 2650 1098 2685 »

233 2739 301 2806 llis
316 2739 407 2807 vitiis
421 2747 454 2808 et
469 2738 523 2805 his
538 2737 722 2806 virtutibus
737 2744 887 2806 mentem
905 2738 1100 2807 auditorum
1115 2744 1149 2807 ct
1160 2739 1316 2829 judicum

196 2853 240 2923 ad
264 2852 443 2922 arbitrium
461 2875 562 2922 suum
577 2852 734 2922 flectebat
758 2880 766 2923 ι
795 2874 871 2943 quac
896 2854 1043 2922 maxima
1058 2875 1112 2924 res
1135 2862 1170 2924 et
1183 2877 1320 2925 summa

195 2970 306 3039 virtus
348 2970 490 3038 oratoris
526 2969 682 3038 hahetur.
726 2968 884 3037 iudicem
906 2971 1018 3062 enim
1058 2991 1177 3060 rapere
1215 2979 1248 3040 et
1285 2973 1323 3040 in

196 3105 299 3174 quem
326 3085 407 3154 velit
433 3085 589 3154 habitum
614 3085 719 3154 animi
749 3084 945 3174 perducere,
969 3086 1036 3154 hoc
1063 3092 1115 3156 est
1142 3089 1319 3176 proprium

197 3222 284 3290 opus
308 3201 461 3269 oratoris.
486 3202 564 3268 Erat
586 3201 689 3288 igitur
711 3202 879 3290 eloquens
902 3201 960 3290 qui
985 3201 1106 3290 spiritu
1133 3208 1166 3270 et
1187 3204 1319 3292 impetu

138 3401 141 3407 A
198 3315 348 3404 quodam
364 3321 497 3384 mentes
512 3316 669 3384 omnium
687 3315 920 3384 inflammabat
938 3317 1146 3406 affectusque
1161 3338 1320 3385 commo·

230 3560 254 3608 l.
266 3557 351 3618 Orat,
366 3559 404 3606 37.
419 3585 451 3593 -
463 3559 486 3608 2.
501 3556 583 3618 Diod,
598 3558 637 3608 26.

228 3633 254 3680 3.
273 3629 331 3680 Non
349 3629 469 3690 approbo
484 3627 702 3680 emendationem
722 3628 817 3679 lleiser
837 3649 847 3670 α
863 3627 923 3690 plus
937 3629 1026 3678 carnis
1040 3642 1120 3692 quam
1136 3630 1279 3692 sanguinis
1297 3653 1321 3682 ·.

200 3723 211 3744 ·
225 3701 270 3752 Vis
286 3721 297 3742 n
314 3700 387 3749 enim
401 3700 483 3750 Cassii
499 3699 590 3750 Severi
603 3699 712 3762 ingenio
725 3700 866 3764 aptissime
880 3700 1032 3764 respondet.
1047 3701 1139 3764 ltaque
1154 3702 1224 3762 apud
1238 3701 1321 3759 Quin·

197 3773 322 3822 tiliarum
338 3771 381 3836 (X,
396 3774 419 3832 l,
436 3773 489 3835 ΙΙΙ)
504 3785 560 3821 non
582 3771 648 3821 mihi
673 3773 758 3833 placet
775 3793 785 3813 ι
805 3775 832 3820 et
847 3771 986 3821 urbanitas
1005 3772 1063 3834 ejus
1087 3785 1193 3821 summu
1213 3793 1223 3812 υ
1240 3773 1321 3834 (Βοη-

197 3842 277 3906 nell);
291 3845 339 3892 out
354 3855 483 3892 «sermo»
501 3842 622 3906 (quidam
633 3842 762 3905 codices);
771 3845 818 3894 cul
835 3855 942 3904 «sermo
955 3856 1039 3904 purus
1050 3864 1061 3884 »
1078 3841 1215 3904 (Meister).
1228 3842 1321 3892 Potius

197 3926 296 3976 sequar
312 3913 388 3962 Helm
407 3913 454 3976 qui
474 3915 630 3976 conjectura
649 3913 717 3962 lelici
738 3914 783 3963 dat
798 3935 808 3955 α
825 3917 852 3963 el
871 3913 963 3962 servor
977 3934 999 3962 ».
1011 3913 1110 3963 Feruor
1129 3911 1211 3972 enim,
1228 3917 1257 3961 ut
1270 3912 1320 3972 vis,

195 3984 261 4034 huic
282 3985 435 4034 vehementi
459 3984 621 4050 eloquentius
638 3984 772 4034 convenit.
792 3984 897 4047 Kriiger
920 3984 1001 4046 (tart)
1023 3988 1050 4032 et
1074 3983 1135 4032 llild
1154 3983 1236 4046 (1885)
1256 3983 1322 4034 dant

195 4069 307 4120 quoque
323 4079 333 4098 α
349 4056 439 4105 fervor
455 4077 477 4106 ι.
492 4055 568 4106 Adde
585 4056 658 4119 quod
680 4054 740 4104 Hild
762 4056 920 4118 conjectura
934 4054 1029 4104 scribit
1051 4075 1061 4096 ι
1086 4055 1146 4117 plus
1164 4053 1225 4104 bilis
1239 4069 1322 4118 quem

195 4127 339 4191 sauguinis
350 4148 373 4176 ».
387 4127 463 4186 Quod
477 4141 532 4177 non
548 4127 684 4189 discrepat
698 4139 759 4176 cum
773 4126 864 4176 verbis
884 4125 1063 4186 Quintiliani:
1081 4146 1091 4167 a
1108 4126 1168 4188 plus
1183 4126 1322 4177 stomacho

195 4213 279 4264 quam
295 4198 408 4249 consilio
424 4197 536 4248 dedit».

229 4274 253 4322 l.
267 4270 335 4334 San,
352 4269 450 4330 Contr„
463 4269 507 4331 ΙΙΙ,
524 4271 610 4334 prul,
621 4270 684 4319 4.-5.

272 4361 387 4416 Ronsur.
1065 4321 1069 4329 Ι
1127 4407 1130 4428 ,
1165 4358 1180 4414 4
