3094 5062
759 467 899 531 ,6-

271 657 367 707 6666
390 637 464 726 ipse
488 634 630 703 Gavium
652 633 827 702 Silonem¹
847 630 984 716 laudat3
1007 649 1100 698 nunc
1123 630 1160 698 L.
1182 630 1353 706 Vinicium
1368 636 1393 702 ².

272 756 391 843 ltaque
408 752 561 820 rhetores
576 749 636 818 illo
649 747 808 818 adstante
824 768 895 816 non
918 745 1075 815 dubitant
1089 746 1248 816 audacter
1267 747 1393 819 dicere.

274 870 381 940 Testis
395 874 449 938 est
462 867 562 935 Latro
577 866 648 955 qui,
663 867 795 933 Caesare
810 865 964 953 Augusto
981 869 1014 932 et
1028 864 1072 933 M.
1085 865 1234 954 Agrippa
1247 864 1396 934 audien-

273 986 377 1064 tibus,
403 1003 515 1052 «cum
540 987 696 1050 tractaret
719 978 912 1069 adoptionis
936 977 1061 1064 locum,
1090 979 1200 1050 dixit:
1223 987 1301 1050 Jom
1328 984 1397 1052 istc

274 1123 319 1172 66
339 1103 406 1169 imo
419 1119 487 1188 per
506 1099 728 1186 adoptionem
748 1095 1153 1165 60611116116666611663.
1176 1097 1254 1164 Erat
1276 1105 1394 1166 autem

272 1219 316 1286 M.
334 1218 482 1306 Agrippa
495 1216 584 1284 inter
598 1235 658 1284 eos
673 1213 732 1303 qui
746 1234 815 1281 non
837 1214 906 1280 nati
922 1220 1002 1281 suut
1017 1213 1150 1283 nobiles
1165 1211 1227 1283 sed
1242 1213 1321 1283 facti
1334 1216 1359 1284 ⁴.
1375 1242 1392 1276 »

275 1337 404 1404 Seneca
428 1333 503 1400 haec
526 1331 666 1400 maximi
696 1329 861 1398 momenti
892 1327 999 1398 addit.
1036 1356 1053 1391 «
1087 1330 1191 1398 'lanta
1218 1330 1394 1400 subitive

272 1451 425 1538 Augusto
440 1447 578 1515 libertas
597 1445 661 1512 fuit
679 1453 718 1512 ut
739 1444 941 1534 praepotenti
962 1464 1054 1512 nunc
1071 1445 1113 1512 M.
1131 1445 1298 1535 Agrippae
1320 1466 1394 1514 non

273 1564 448 1634 defuerint
462 1563 520 1651 qui
536 1559 781 1651 ignobilitatem
794 1559 1049 1649 exprobrarent.
1069 1560 1188 1650 Utique
1200 1561 1286 1627 mibi
1301 1559 1397 1630 vide-

275 1687 331 1748 tur
353 1676 579 1746 admiratione
602 1675 726 1764 dignus
749 1674 850 1744 divus
875 1676 1050 1763 Augustus
1076 1674 1140 1744 sub
1164 1697 1231 1765 quo
1262 1682 1397 1744 tantum

274 1795 426 1864 licuit.»
457 1794 540 1872 Quae
569 1793 621 1885 uir
648 1792 706 1861 ille
733 1790 1092 1882 optimus-scribebat,
1123 1811 1191 1882 quo
1226 1799 1392 1882 ternpore,

278 1913 432 1998 Augusto
466 1908 525 1977 diu
556 1914 708 1994 mortuo,
749 1907 913 1978 deformis
950 1908 1104 1996 obsequii
1140 1909 1286 1977 incusari
1321 1929 1395 1978 non

272 2032 414 2116 poterat.

320 2140 385 2211 Sed
413 2142 588 2230 Augustus
619 2161 686 2229 quo
715 2141 848 2225 mitior,
884 2160 925 2209 eo
962 2140 1124 2230 principis
1152 2140 1396 2210 insectationes

278 2257 468 2328 acerbiores
483 2262 590 2324 erant.
607 2254 657 2323 Ad
676 2257 740 2324 hoc
754 2262 917 2339 veterem,
935 2255 1184 2325 calamitatibus
1198 2254 1397 2324 domesticis

185 2389 186 2394 ’
273 2372 531 2456 exacerbatum,
556 2371 699 2440 taedium
722 2392 793 2440 suae
820 2370 1012 2441 clementiae
1039 2392 1120 2441 eum
1149 2372 1272 2461 cepit⁵.
1299 2372 1402 2440 Multi

275 2489 369 2558 enim
394 2488 458 2556 hac
476 2488 639 2578 principis
661 2487 842 2556 clementia
861 2486 992 2577 decepti
1017 2493 1125 2570 erant,
1151 2488 1398 2576 antiquamque

274 2624 350 2673 rem
369 2603 540 2695 publicam
560 2609 594 2672 61
614 2605 791 2693 antiquam
813 2603 1007 2673 libertatem
1027 2603 1140 2673 adbuc
1164 2604 1397 2674 6666666616-

277 2720 492 2790 timaverant.
510 2720 615 2809 igitur
634 2741 714 2787 mox
734 2740 806 2787 non
827 2719 940 2788 solum
959 2720 1102 2810 Augusti
1117 2719 1302 2788 adversarii
1320 2719 1395 2788 lau·

276 2832 376 2904 dibus
398 2836 508 2904 ornati
523 2835 669 2919 fuerant,
687 2834 747 2904 sed
762 2835 947 2905 familiares
968 2836 1130 2925 principis
1149 2841 1184 2904 et
1200 2835 1348 2905 feminae
1363 2842 1399 2904 et

276 2951 435 3040 princeps
450 2951 523 3040 ipse
533 2951 744 3038 gravissimis
758 2950 949 3020 maledictis
959 2951 1104 3020 lacessiti
1116 2951 1261 3020 lucrant.
1273 2952 1399 3019 Nonne

274 3066 406 3135 scilicet
425 3067 508 3134 olim
527 3066 663 3136 cuilibet
681 3067 958 3156 potentissimum
983 3087 1154 3156 quemque
1178 3067 1399 3136 sermonibus

275 3190 310 3252 61
324 3182 483 3252 contione
502 3203 626 3252 vexare
645 3183 787 3252 licebat?
805 3185 928 3252 Nonne
942 3185 1026 3252 olim
1037 3185 1095 3274 jus
1113 3184 1284 3274 principes
1304 3182 1399 3253 viros

278 3297 474 3368 incessendi
503 3298 622 3367 infimo
651 3300 774 3388 cuique
807 3300 872 3367 civi
907 3300 1073 3368 dabatur?
1098 3299 1171 3378 Oua
1202 3299 1399 3368 contumaci

307 3478 330 3526 1.
350 3498 360 3516 ι
384 3475 465 3526 Gavio
486 3474 570 3525 Siloni
595 3475 683 3525 Caesar
702 3477 850 3537 Augustus,
863 3489 924 3525 cum
944 3466 1098 3540 frequentor
1112 3490 1207 3527 causas
1228 3480 1352 3540 agentern
1369 3477 1399 3526 in

277 3547 467 3598 Tarraconensi
482 3547 590 3596 colonia
603 3546 733 3606 audisset,
750 3549 859 3609 plenum
875 3549 1062 3599 testimonium
1078 3548 1210 3608 reddidit;
1221 3548 1291 3598 dixit
1305 3547 1401 3597 enimc

277 3619 429 3683 Numquam
447 3616 539 3667 audiui
549 3621 654 3681 putrem
671 3617 781 3682 familiae
798 3618 968 3669 disertiorem.
985 3642 995 3662 ι
1016 3620 1095 3681 (Sam,
1108 3618 1189 3677 Cant,
1205 3620 1236 3678 X,
1253 3620 1346 3682 praei,
1360 3621 1401 3668 li.

277 3689 347 3740 Edit.
363 3689 497 3751 Bursian.)

309 3762 333 3810 2.
352 3782 362 3802 ·
378 3760 408 3809 L.
428 3760 543 3809 Vinicius
557 3760 691 3824 inperitum
709 3761 737 3809 in
751 3764 887 3811 numerato
908 3760 993 3812 dubet.
1010 3784 1020 3804 ·
1037 3762 1117 3823 (Sara,
1134 3761 1218 3822 Cant,
1235 3762 1267 3820 11,
1278 3775 1333 3817 1111,
1350 3762 1404 3826 2⁰.)

309 3833 333 3881 3.
351 3832 380 3881 ln
394 3831 446 3882 boc
460 3833 518 3881 loco
533 3831 598 3880 edit.
614 3831 747 3893 llicssling
761 3846 868 3895 sequor.
882 3837 950 3884 -1,
967 3834 1035 3894 Sam,
1052 3833 1137 3894 Cant,
1152 3834 1184 3894 11,
1199 3848 1243 3893 xn,
1260 3835 1341 3883 ta-la.

309 3905 332 3952 5.
348 3903 409 3953 Vid.
424 3903 521 3963 anm,
538 3902 655 3951 Examen
678 3904 789 3968 critique
805 3904 850 3954 des
872 3903 1010 3954 historiens
1024 3905 1130 3954 uncicua
1152 3905 1185 3954 de
1204 3905 1232 3954 tu
1254 3905 1293 3954 uic
1314 3907 1341 3953 et
1363 3905 1404 3955 du

277 3977 357 4038 reque
371 3973 522 4038 d'Aupiute,
538 3988 563 4036 p.
577 3977 656 4023 6666.
674 3996 684 4016 ι
701 3975 767 4024 Μ616
782 3989 835 4025 666
851 3980 924 4026 sorte
936 3976 969 4027 dc
984 3977 1116 4026 necessita
1130 3976 1209 4027 letale
1220 3976 1307 4041 jointc
1321 3976 1402 4028 ades

277 4045 414 4095 malheurs
428 4045 565 4108 imprevus
579 4047 731 4096 cntrainera
742 4047 876 4096 1616616116
889 4048 1022 4110 principat
1036 4061 1084 4098 aur
1094 4048 1119 4097 la
1134 4052 1213 4110 pente
1226 4048 1259 4098 de
1271 4047 1297 4097 16
1307 4051 1401 4110 tyran-

277 4117 331 4166 nia.
353 4117 456 4166 Devant
472 4116 510 4167 les
533 4118 680 4168 hontcuses
698 4117 780 4182 plaics
794 4118 828 4168 de
846 4119 871 4168 la
893 4119 997 4169 maison
1012 4119 1152 4184 imperiala
1171 4119 1273 4184 l'esprit
1296 4119 1403 4180 public,

277 4187 364 4236 decha
384 4185 418 4238 de
438 4191 495 4238 tant
514 4186 707 4249 6666666666,
723 4202 752 4238 66
774 4188 882 4240 66661116
896 4203 946 4254 par
960 4191 985 4241 la
1006 4190 1098 4250 satire,
1113 4191 1179 4241 6116
1193 4189 1356 4254 pouvoirue
1371 4204 1403 4242 66
1429 4229 1431 4236 .

276 4261 337 4308 6661
351 4257 411 4321 6166
427 4271 500 4310 osaea
514 4259 568 4309 sort
584 4273 653 4321 pour
666 4258 692 4309 16
706 4261 845 4323 61666666.
860 4282 871 4302 »
