3094 5062
769 471 909 532 ..8-

277 641 343 701 tur.
360 632 409 699 Ne
422 635 535 700 tamen
546 629 789 699 obliviscamur
805 629 882 698 baec
898 627 1033 698 decreta
1049 629 1247 698 auctoritate
1260 636 1412 700 senatus

274 745 415 837 prodita
426 765 514 814 esse.
523 746 654 834 Nempe
666 744 741 814 baec
755 765 824 813 non
840 743 1024 834 displicent
1037 743 1181 833 principi
1194 746 1251 834 qui
1267 748 1406 814 senatui

276 860 397 930 cedere
414 860 560 929 videtur.
578 859 755 928 Interdum
775 859 876 928 etiam
893 859 1027 928 senatui
1042 879 1113 926 non
1134 860 1292 928 consulet
1308 883 1316 928 t
1335 863 1408 930 Sua

277 983 400 1066 sponte
421 975 580 1045 Ovidium
600 974 635 1042 in
656 973 748 1043 orbis
763 981 956 1042 extremum
977 973 1111 1042 mittere
1130 994 1201 1041 non
1218 973 1404 1044 dubitabit.

322 1093 485 1182 Princeps
497 1091 600 1180 igitur
620 1091 810 1159 Maecenatis
825 1089 968 1158 consilia
982 1109 1052 1157 non
1068 1108 1204 1179 semper
1220 1091 1375 1178 sequitur
1396 1119 1406 1160 :

277 1206 321 1277 ad
346 1207 507 1276 ultimum
527 1207 682 1275 irascitur
701 1206 783 1275 etin
807 1204 955 1274 audaces
979 1203 1129 1273 vindicat
1152 1205 1211 1294 qui
1234 1206 1270 1272 in
1292 1205 1407 1276 libera

277 1323 412 1392 civitate
436 1323 511 1392 sino
534 1320 639 1390 dubio
663 1341 700 1390 se
725 1321 842 1389 vivere
866 1318 1021 1405 credunt,
1046 1321 1190 1409 legeque
1214 1321 1407 1409 majestatis

278 1439 314 1506 in
334 1437 502 1527 quosdam
517 1458 634 1506 rerum
650 1437 832 1525 scriptores
847 1443 1068 1524 oratoresque
1083 1435 1201 1504 utitur.

323 1555 367 1622 Ut
381 1552 621 1642 intellegamus
639 1572 742 1641 qnam
765 1551 831 1620 hoe
849 1571 952 1640 gravo
973 1550 1028 1636 sit,
1046 1569 1187 1619 necesse
1209 1557 1262 1619 est
1279 1553 1405 1620 memi-

279 1667 373 1737 nisse
395 1688 499 1756 quam
521 1666 712 1736 libertatem
729 1667 786 1735 vel
804 1667 840 1733 in
865 1665 962 1734 dictis
984 1667 1039 1735 vel
1062 1667 1097 1733 in
1120 1665 1253 1755 scriptis
1268 1668 1402 1756 antiqui

280 1803 416 1873 semper
434 1784 685 1873 usurpaverint.
708 1782 806 1861 Quod
825 1788 942 1852 nostra
964 1803 1169 1872 magnopere
1188 1782 1340 1868 interest,
1359 1805 1402 1854 eo

280 1900 391 1988 magis
411 1899 503 1988 quod
527 1900 603 1968 hacc
631 1920 687 1969 res
711 1918 847 1988 semper
868 1919 970 1983 nova,
996 1919 1132 1988 semper
1159 1921 1308 1989 praesens
1327 1920 1405 1970 esse

280 2012 433 2098 videtur,
469 2017 699 2104 continuoque
736 2013 943 2098 renascitur,
983 2034 1229 2103 nunquamque
1262 2017 1406 2084 omnino

280 2131 464 2215 evanescit,
482 2130 561 2219 quia
575 2131 704 2198 scilicet
718 2149 789 2198 non
809 2135 922 2217 potest
937 2128 1079 2198 dissolvi
1094 2137 1128 2198 et
1143 2128 1267 2197 dirimi.

326 2245 358 2313 Si
387 2244 626 2313 tantummodo
653 2250 778 2313 nostrae
805 2244 922 2333 patriae
945 2245 1087 2312 annales
1111 2245 1316 2329 evolvimus,
1343 2265 1407 2333 per

281 2360 390 2427 multa
413 2359 540 2430 saccula
565 2360 758 2448 scriptores,
788 2365 824 2427 ut
851 2359 1027 2444 scelestos,
1051 2379 1246 2449 oppressos,
1278 2361 1407 2429 acerri-

281 2475 415 2562 misque
439 2475 550 2564 poenis
578 2474 740 2544 multatos
768 2495 844 2543 esse
868 2478 1113 2564 comperimus3
1137 2476 1262 2565 scripta
1285 2476 1402 2558 etiam,

281 2597 320 2658 ut
335 2591 475 2675 scelera,
491 2592 609 2680 punita
628 2611 703 2660 esse
718 2610 891 2680 manuque
911 2591 1079 2658 carnificis
1101 2591 1296 2674 combusta;
1319 2591 1402 2680 quin

282 2708 384 2776 etiam
413 2706 568 2796 quaedam
588 2727 701 2796 opem,
724 2727 800 2797 quae
823 2705 927 2775 hodie
946 2707 1094 2796 perlecta
1113 2706 1294 2792 habemus,
1321 2709 1405 2776 olim

281 2822 453 2913 prohibita
468 2830 502 2892 ct
516 2823 642 2892 abolita
655 2823 772 2892 luisse.
1270 2897 1272 2901 ,

327 2938 425 3017 Quod
441 2939 533 3028 apud
547 2959 610 3007 nos
626 2940 770 3030 septimo
786 2936 918 3007 decimo
934 2944 968 3007 et
982 2937 1259 3008 duodevicesimo
1276 2939 1402 3008 saeculo

282 3055 356 3124 fieri
390 3054 536 3141 solebat,
569 3054 661 3144 apud
697 3054 856 3142 antiquos
889 3054 1077 3123 insolenter
1113 3055 1304 3123 eveniebat.
1346 3053 1399 3122 Illi

283 3172 376 3240 enim
397 3172 468 3240 fere
485 3170 677 3240 absolutam
692 3171 884 3240 libertatem
903 3175 1152 3259 cognoverunt,
1174 3179 1402 3260 praeterquam

283 3287 342 3375 qui
370 3288 418 3355 rei
440 3287 622 3376 impictatis
639 3285 910 3377 postulabantur,
936 3292 973 3354 ut
993 3283 1084 3374 apud
1108 3285 1243 3354 Graecos
1269 3289 1403 3354 Anaxa-

282 3422 383 3492 goras
399 3412 432 3472 et
447 3404 617 3483 Socrates3
635 3411 693 3471 aut
707 3402 764 3491 qui
775 3400 865 3491 apud
876 3403 1048 3470 Romanos
1063 3402 1277 3489 majestatem
1287 3400 1405 3490 populi

283 3520 417 3587 romani
437 3519 603 3586 minuisse
622 3516 866 3606 arguebantur,
885 3517 959 3585 haec
972 3537 1054 3585 vero
1075 3518 1142 3604 lex,
1163 3519 1314 3585 carmine
1335 3537 1403 3586 non

283 3634 373 3703 bene
398 3634 550 3716 definite,
575 3634 672 3702 facile
696 3633 731 3700 in
753 3631 931 3700 libidinem
954 3634 1038 3701 verti
1063 3639 1194 3722 poterat
1216 3657 1224 3698 ι
1246 3632 1340 3722 quod
1367 3653 1404 3702 re

283 3752 358 3841 ipsa
372 3749 505 3821 accidit.

330 3869 362 3935 Si
379 3874 494 3938 tamen
515 3870 631 3936 Romae
655 3885 847 3950 manemus,
869 3886 940 3934 nou
960 3864 1226 3936 asseverandum
1245 3872 1297 3934 est
1315 3866 1407 3935 banc

283 3983 475 4054 libertatem
495 3987 573 4076 jure
596 3985 833 4075 plenissimam
848 3983 966 4052 fuisse.
987 3984 1142 4072 Namque
1161 3982 1305 4050 Romani
1332 4003 1404 4050 non

284 4099 523 4169 dubitaverant
545 4123 564 4169 a
588 4102 715 4170 civium
739 4099 951 4168 mordaciore
981 4099 1118 4187 ingenio
1137 4117 1341 4187 praecavere,
1370 4105 1405 4167 et

284 4216 373 4285 dicta
401 4219 591 4307 scriptaque
615 4218 736 4286 ultimo
761 4215 927 4306 supplicio
956 4215 1089 4305 punire.
1114 4215 1284 4284 Memento
1312 4214 1403 4283 hanc
