3148 5042
683 502 842 564 -Ὴ-

197 689 304 742 nemo
333 667 445 738 obstet
469 672 610 752 natura,
633 667 816 756 proceritas
835 667 992 756 micabit;
1018 670 1064 738 ita
1085 672 1261 763 frangatur
1286 683 1325 744 ut

196 787 308 856 humo
324 806 360 855 se
374 784 535 854 adlevare
549 803 621 852 non
635 783 755 872 possit,
777 782 838 852 sad
856 783 985 874 pedum
1000 805 1208 878 crurumque
1226 810 1320 861 reso-

194 903 280 972 lutis
314 900 481 972 vertebris
510 903 637 989 reptet3
667 899 747 968 huic
774 901 988 990 extirpentur
1025 902 1199 974 radicitus.
1236 907 1324 977 Huic

194 1020 353 1110 speciosa
367 1015 470 1086 facies
485 1022 553 1104 est,
570 1020 682 1105 potest
696 1014 868 1086 formosus
884 1016 1063 1088 mendicus
1077 1039 1172 1103 esse;
1190 1021 1323 1110 reliqua

194 1135 352 1204 membra
376 1131 510 1201 inutilia
527 1131 607 1214 sint,
625 1137 662 1197 nt
677 1129 825 1200 tortunae
845 1132 1007 1221 iniquitas
1021 1133 1057 1201 in
1076 1135 1244 1205 beneficia
1259 1158 1321 1206 sua

195 1250 369 1322 saevientis
383 1241 494 1338 magis
507 1246 689 1315 hominum
704 1248 838 1315 animos
857 1235 1033 1336 pervellat.
1052 1249 1104 1320 Sic
1123 1252 1197 1321 sine
1217 1253 1319 1323 satel-

193 1365 314 1434 litibus
327 1369 498 1452 tyrannus
512 1361 722 1431 calamitates
737 1361 907 1430 humanas
926 1361 1104 1454 dispensat
1119 1372 1143 1434 ².
1165 1394 1182 1429 u

239 1483 321 1560 Quis
344 1479 491 1548 tinnitus
516 1477 720 1547 vorborum!
747 1499 823 1567 quae
842 1478 1025 1548 immodica
1049 1484 1261 1553 enumeratio
1288 1491 1322 1555 et

193 1597 346 1667 enormis
368 1595 563 1684 congeries!
582 1621 599 1656 «
614 1595 733 1682 Neque
748 1592 759 1625 ¹
774 1595 942 1664 oratorius
960 1597 1036 1680 iste,
1054 1597 1160 1667 immo
1179 1600 1319 1671 barcula

193 1733 238 1782 ne
253 1712 361 1781 virilis
375 1709 516 1800 quidem
536 1710 648 1778 cultus
668 1715 732 1780 ast.
750 1737 766 1772 »
784 1709 869 1779 Vere
886 1739 902 1775 «
920 1711 1045 1780 omittit
1064 1713 1268 1784 modestiam
1287 1722 1322 1786 et

192 1828 360 1920 pudorem
382 1826 567 1896 verborum
582 1853 614 1896 ».

236 1945 315 2014 Haec
334 1964 405 2013 non
425 1949 478 2012 est
495 1942 554 2010 illa
573 1944 687 2031 ampla
701 1950 735 2012 et
753 1941 830 2010 lusa
844 1942 963 2025 oratio,
981 1965 1058 2032 quae
1078 1945 1114 2012 in
1134 1967 1319 2016 numerum

193 2081 314 2129 omnes
329 2059 518 2128 sententias
535 2057 670 2147 redigit,
688 2066 790 2149 atquo
809 2057 868 2127 illa
888 2061 985 2149 copia
1003 2063 1102 2151 cujus
1122 2062 1319 2134 Ciceronem

191 2177 380 2266 principem
413 2181 447 2244 et
478 2175 696 2244 inventorem
723 2174 830 2244 fuisse
861 2176 971 2246 Caesar
1003 2177 1130 2265 aiebat;
1163 2198 1235 2247 non
1267 2187 1320 2250 ost

192 2299 307 2360 tamen
324 2291 384 2360 illa
398 2290 535 2360 subtilis
554 2297 588 2360 ot
605 2290 721 2359 tenuis
739 2290 900 2378 brevitas,
918 2312 1021 2381 quam
1039 2293 1141 2362 Attici
1160 2294 1317 2384 probant,

191 2412 249 2477 aut
268 2408 327 2475 illa
345 2406 465 2496 jejuna
483 2406 630 2492 siccitas,
652 2426 755 2495 quam
774 2407 843 2477 illis
869 2408 984 2478 Cicero
1005 2408 1133 2499 objicit.
1155 2411 1234 2479 Haec
1253 2417 1318 2498 ost,

190 2521 370 2608 fateamur,
388 2543 468 2592 vera
483 2521 699 2609 declamatio,
716 2523 752 2591 in
771 2543 839 2614 qua
858 2524 932 2594 sine
947 2525 1020 2595 ullo
1039 2524 1143 2595 modo
1162 2532 1195 2596 ot
1213 2526 1319 2597 verba

190 2645 223 2706 ot
238 2639 421 2708 sententiae
441 2638 530 2708 inter
548 2658 585 2707 se
604 2645 824 2708 concurrunt.

517 3044 710 3103 conclusio
733 3043 815 3116 ejus
837 3045 987 3116 captus.

233 3277 278 3344 Ut
291 3294 412 3343 eorum
428 3295 504 3362 quae
521 3272 565 3342 do
584 3273 689 3344 Cassii
710 3273 825 3344 Severi
844 3273 1041 3363 eloquentia
1056 3272 1203 3342 disserui
1218 3294 1315 3342 sum-

190 3413 283 3460 mam
297 3386 431 3477 faciam,
448 3389 511 3458 bas
528 3393 597 3458 tres
616 3387 770 3460 divorsas
788 3410 844 3459 ros
863 3387 955 3478 apud
975 3387 1075 3457 illum
1094 3388 1180 3456 mihi
1198 3389 1315 3460 videre

190 3507 309 3577 videor
325 3531 333 3574 :

233 3623 399 3706 Primum,
425 3621 604 3709 ingenium
623 3620 667 3689 ad
695 3621 928 3711 eloquentiam
957 3620 1193 3704 constitutum,
1220 3623 1315 3691 omni

190 3737 382 3810 eruditione
400 3737 584 3822 imbutum,
607 3736 777 3805 urbanum
798 3736 1027 3826 acerbumque
1050 3743 1084 3806 ot
1107 3736 1247 3821 ardons;
1270 3775 1314 3791 -·

234 3853 377 3936 Deinde,
399 3873 509 3945 genus
533 3852 681 3938 dicandi,
704 3852 797 3944 quod
816 3852 982 3923 brevitate
1002 3860 1036 3923 et
1053 3854 1213 3922 acumina
1232 3874 1314 3923 sen-

222 4140 245 4188 l.
263 4138 325 4188 Haeo
337 4141 428 4188 tamon
448 4137 532 4189 Cassii
552 4137 643 4189 Severi
664 4138 748 4190 verba
762 4152 863 4202 pressa,
878 4140 1037 4204 fervidoque
1054 4145 1081 4193 et
1095 4142 1213 4206 quodam
1231 4144 1315 4196 modo

191 4209 521 4333 mi2se÷imrdffigrm2rgota
536 4209 672 4275 plerisque
689 4209 932 4263 declamationibus
944 4213 1024 4278 longe
1035 4213 1209 4266 antecellunt.

237 4315 243 4330 .
277 4293 329 4345 ao,
408 4318 425 4345 .,
473 4317 480 4332 .
