3148 5042
739 529 900 594 „54-

255 712 348 760 nunc
372 692 513 760 urbanis
543 692 671 761 salibus
698 693 770 780 figit
793 702 852 760 aut
879 712 994 760 amara
1023 692 1198 762 dicacitate
1230 693 1378 778 mordet,

257 807 339 877 dum
361 808 395 876 vi
419 815 453 877 et
471 808 690 877 vehementia
709 807 922 878 audientium
943 810 1077 878 animos
1096 809 1299 895 inflammat,
1322 812 1381 900 qui

257 944 378 993 omnes
400 924 565 1012 imperata
590 911 721 992 faciunt
742 929 776 1016 et
795 923 1035 993 tantummodo
1056 924 1177 994 timent
1202 945 1247 994 ne
1267 925 1381 996 dicere

257 1039 405 1109 desinat.
992 1031 997 1044 ’

299 1156 423 1224 Nonne
437 1155 494 1223 hic
507 1162 559 1225 est
573 1175 676 1225 verus
691 1161 725 1224 et
739 1156 897 1246 egregius
913 1164 1038 1239 orator,
1056 1176 1173 1225 nonne
1187 1157 1244 1225 hic
1258 1158 1383 1227 veteris

257 1278 292 1341 et
305 1271 462 1361 perfecta
476 1271 683 1375 eloquentiae
700 1271 790 1340 viam
812 1273 986 1362 sequitur?
999 1273 1149 1341 Minime.

345 1585 360 1661 ξ
380 1585 409 1642 3.
433 1586 523 1658 Quae
545 1587 666 1647 cassii
686 1589 815 1649 Severi
836 1589 1000 1649 oratoris
1020 1589 1118 1648 vitia
1140 1589 1291 1648 tuerint.

305 1770 599 1850 Quemadmodum
611 1772 688 1840 illas
703 1773 846 1841 virtutes
862 1794 946 1862 quas
961 1773 1109 1855 laudavi,
1122 1773 1169 1842 ita
1183 1774 1249 1841 boc
1258 1775 1385 1842 vitium

257 1887 350 1977 quod
364 1908 434 1955 non
449 1886 566 1955 abdidi
587 1888 735 1956 habebat
757 1890 902 1978 :quippe
918 1910 973 1958 res
993 1910 1116 1959 omnes
1135 1890 1210 1958 sine
1226 1890 1328 1959 modo
1344 1911 1386 1958 ac

258 2002 427 2071 modestia
459 2003 593 2091 agebat.
623 2004 700 2072 Non
732 2010 852 2073 acutus
879 2010 912 2072 et
946 2013 1112 2074 venustus
1141 2005 1291 2087 ludebat,
1320 2007 1383 2075 sed

258 2119 401 2188 acerbus
425 2125 459 2188 et
477 2139 576 2208 asper
595 2118 758 2188 laniabat.
780 2121 854 2188 Non
879 2121 990 2188 solum
1011 2126 1142 2189 ceteros
1159 2127 1192 2188 et
1211 2140 1248 2188 se
1266 2121 1384 2210 ipsum
1405 2107 1408 2112 ’

258 2236 480 2304 vehementer
514 2235 768 2317 commovebat,
805 2234 866 2304 sed
903 2233 1065 2304 effrenata
1098 2237 1132 2305 vi
1166 2237 1382 2307 efferebatur.

261 2379 278 2415 «
295 2352 451 2419 Omissa¹
469 2349 638 2418 modestia
654 2371 693 2418 ac
712 2350 843 2441 pudore
861 2350 1059 2436 verborum,
1081 2352 1164 2440 ipsis
1185 2352 1287 2420 etiam
1306 2354 1384 2442 qui-

260 2468 324 2536 bus
344 2468 450 2534 utitur
468 2467 572 2534 armis
593 2466 859 2554 incompositos,
883 2465 995 2535 studio
1016 2466 1161 2535 feriendi
1179 2467 1386 2557 plerumque

260 2585 425 2673 dejectuS,
452 2603 522 2650 non
546 2590 688 2672 pugnat,
712 2582 773 2652 sed
795 2583 935 2652 rixatur.
965 2611 981 2644 »
1002 2584 1084 2660 011ae
1106 2582 1383 2672 intemperantia,

261 2720 364 2788 qnam
386 2718 456 2766 non
479 2698 586 2766 semel
610 2698 814 2766 invenimus
836 2704 870 2766 et
898 2696 1129 2783 ostendimus
1153 2719 1250 2766 suam
1270 2699 1387 2765 immi·

262 2814 388 2883 nnebat
417 2814 667 2903 eloquentiam,
699 2813 891 2902 iisdemque
921 2812 1139 2903 displicebat,
1167 2834 1255 2902 quos
1283 2814 1388 2903 paulo

261 2939 340 2999 ante
357 2930 550 2998 urbanitate
569 2940 603 2998 et
621 2929 751 3019 impetu
768 2929 1007 2998 delectaverat.

306 3047 350 3114 Ut
374 3046 477 3134 igitur
496 3044 770 3113 accusationibus
788 3046 974 3134 preclarus
995 3051 1063 3126 est,
1084 3045 1131 3112 ita
1154 3044 1264 3112 solam
1288 3065 1388 3138 suam

262 3182 398 3230 causam
428 3162 571 3230 feliciter
594 3162 753 3250 suscepit.
779 3145 885 3230 «Nec
910 3163 1047 3230 tamen²
1067 3162 1136 3229 scio
1162 3181 1265 3249 quem
1288 3181 1388 3229 reum

261 3279 310 3345 illi
339 3277 524 3347 defendere
551 3278 617 3347 nisi
647 3298 684 3346 se
718 3278 925 3368 contigerit:
947 3276 1034 3345 adeo
1067 3296 1238 3365 nusquam
1271 3297 1388 3345 rerum

265 3395 370 3462 ollam
393 3395 569 3462 materiam
585 3393 722 3462 dicendi
742 3393 808 3462 nisi
826 3394 863 3461 in
883 3392 1044 3482 periculis
1066 3392 1139 3460 suis
1157 3392 1288 3460 babuit.
1313 3419 1329 3454 »
1347 3393 1386 3459 In

263 3509 334 3577 suis
349 3509 522 3597 periculis,
535 3509 648 3593 credo,
666 3510 791 3578 melius
806 3529 842 3578 se
857 3509 968 3597 ipsum
987 3506 1198 3594 continebat;
1215 3507 1250 3574 in
1266 3507 1388 3576 ceteris

264 3625 475 3713 temporibus
492 3625 699 3712 impotenter
713 3623 858 3693 dicebat.
1075 3701 1077 3705 ¹

308 3740 429 3817 Quare
448 3741 599 3829 primum
614 3748 761 3810 avctore
777 3739 974 3830 eloquentia
988 3739 1190 3809 desciverat.

307 3856 448 3939 Deinde,
471 3855 564 3944 quod
582 3857 721 3947 majoris
742 3857 909 3924 momenti
933 3861 1008 3940 ests
1024 3882 1040 3917 <‹
1067 3853 1249 3921 ordinem³
1271 3872 1390 3921 rerum

262 3974 451 4040 contemnit
471 3999 501 4040 ».
525 3974 596 4041 Hac
610 3974 747 4058 virtute,
765 3973 841 4040 sine
857 3991 924 4060 qua
939 3991 1060 4039 omnes
1077 3970 1151 4038 aliae
1172 3968 1298 4057 ingenii
1318 3967 1390 4037 vir·

262 4093 353 4156 tutes
376 4089 463 4156 nihil
492 4089 621 4170 valent,
647 4088 786 4156 Cassius
810 4089 954 4156 Severus
983 4088 1133 4156 caruisse
1155 4085 1304 4169 videtur,
1327 4084 1388 4172 qui

295 4309 318 4356 t.
331 4307 403 4369 Tac,
419 4308 502 4371 Diat,
515 4311 553 4358 26.
569 4336 602 4348 -
614 4312 637 4359 2.
652 4308 719 4370 Suc,
735 4309 834 4368 contr„
851 4307 936 4370 praet,
949 4310 972 4358 t.
986 4335 1015 4344 -
1030 4309 1053 4358 3.
1067 4309 1138 4368 Tac,
1150 4305 1233 4368 beat,
1247 4307 1285 4354 26.
