3148 5042
691 513 850 576 ..53-

250 678 325 746 Non
356 677 467 744 solum
496 675 658 744 varietate
686 674 889 744 eruditionis
910 681 944 745 et
969 675 1086 764 lepore
1115 677 1329 757 urbanitatis,

204 791 279 876 sed,
297 799 336 860 nt
353 791 487 860 Tacitus
506 790 630 859 fatetur
648 793 671 876 ¹,
691 817 707 853 a
729 790 882 880 ipsarum
899 791 1022 861 virium
1040 790 1163 860 robore
1183 793 1333 860 multum

205 914 339 978 ceteros
354 912 493 995 superat
508 933 538 974 a.

253 1023 466 1092 Permultum
486 1021 578 1091 enim
592 1021 753 1090 intererat
767 1042 846 1090 eum
866 1022 968 1092 bonis
982 1023 1145 1092 lateribus
1165 1043 1253 1108 esse,
1271 1023 1331 1112 qui

206 1159 336 1228 magno
360 1139 492 1232 impetu
518 1139 555 1206 in
578 1136 793 1206 adversarios
814 1139 911 1226 quasi
930 1142 1050 1208 ruebat
1069 1145 1104 1208 et
1123 1139 1241 1229 plures
1261 1159 1331 1206 uno

207 1254 263 1324 die
279 1275 398 1323 causas
413 1253 543 1343 agebat.

252 1369 304 1436 nd
330 1369 395 1437 hoc
418 1369 469 1436 illi
494 1389 565 1436 non
590 1368 706 1438 deerat
725 1369 812 1438 actio
827 1389 905 1457 quae
924 1374 976 1437 est
996 1397 1012 1432 <‹
1034 1370 1131 1459 quasi
1151 1371 1332 1459 corporis'

207 1485 367 1575 quaedam
382 1485 589 1572 eloquentia,
606 1505 684 1553 cnm
699 1489 831 1553 constet
845 1505 864 1553 e
879 1505 963 1554 voce
977 1492 1078 1573 atque
1094 1491 1189 1580 motu
1206 1512 1237 1552 ».
1255 1486 1284 1552 N
1287 1505 1330 1552 on

207 1600 349 1690 quidem
368 1600 496 1668 scimus
513 1599 688 1688 quomodo
706 1607 801 1668 motu
820 1604 854 1669 et
869 1607 966 1689 gestu
980 1621 1064 1670 usus
1085 1602 1141 1670 sit.
1159 1601 1192 1670 Si
1215 1609 1331 1670 tamen

206 1737 312 1805 quam
332 1716 565 1804 conjecturam
583 1735 601 1784 e
623 1716 819 1785 vehementi
832 1715 1028 1802 eloquentia
1043 1717 1186 1785 oratoris
1207 1715 1333 1786 ducere

205 1832 297 1917 licet,
322 1831 417 1899 illius
441 1831 610 1900 actionem
634 1831 771 1920 plenem
796 1830 937 1919 spiritus
964 1831 1071 1901 fuisse
1092 1833 1225 1921 opinari
1252 1853 1331 1922 pos·

207 1968 341 2016 sumus.
1018 2038 1021 2048 ι

250 2061 348 2142 Quod
380 2061 423 2129 ad
457 2082 578 2131 vocem
611 2063 757 2151 pertinet
788 2062 916 2132 Seneca
944 2083 1008 2132 nos
1042 2064 1204 2132 certiores
1237 2063 1329 2133 facit.

207 2206 224 2240 «
248 2178 402 2248 Suavitas
418 2180 429 2212 ³
443 2178 687 2247 valentissimae
704 2180 811 2265 vocis,
829 2180 986 2269 quamvis
1000 2179 1074 2248 haec
1089 2180 1177 2247 inter
1196 2199 1234 2248 se
1256 2198 1331 2246 raro

206 2300 328 2363 coeant
351 2300 389 2362 ut
412 2293 534 2362 eadem
559 2314 626 2361 vox
646 2302 680 2362 et
700 2293 810 2363 dulcis
829 2297 873 2364 sit
892 2301 927 2364 et
952 2294 1072 2378 solida,
1096 2295 1330 2383 pronuntiatio

205 2431 282 2500 quae
298 2409 499 2478 histrionem
514 2417 632 2499 posset
645 2409 834 2499 producere
853 2431 917 2479 nec
935 2417 1046 2479 tamon
1062 2431 1137 2499 quae
1153 2410 1331 2479 histrionis

204 2530 323 2617 posset
337 2524 457 2594 videri.
475 2552 491 2587 »
509 2526 592 2603 Quis
606 2533 722 2594 autem
739 2527 847 2595 nescit
862 2527 980 2615 quanti
995 2546 1066 2595 non
1082 2527 1195 2596 solum
1211 2526 1329 2611 Graeci,

203 2647 241 2712 ut
257 2641 522 2725 Demosthenes
539 2640 600 2709 sod
615 2641 726 2709 Latini
740 2650 778 2711 ut
793 2643 909 2711 Cicero
924 2648 958 2710 et
974 2642 1205 2720 Quintilianus
1225 2642 1331 2711 actio-

203 2778 286 2826 nem
301 2758 465 2826 iecerint?

247 2873 322 2941 Hoc
345 2879 428 2956 erat,
455 2873 617 2941 Cicerone
638 2871 763 2961 judice,
790 2872 939 2962 perlecto
966 2873 1090 2940 oratori
1113 2870 1328 2962 optandum3

203 2989 270 3057 hoc
286 2989 401 3056 Cassio
422 2989 547 3057 Severo
565 2995 687 3056 natura
708 2987 857 3072 dederat,
876 2989 929 3057 cui
949 3010 1015 3057 vox
1032 2989 1147 3057 suavis
1168 2995 1201 3057 et
1221 2989 1330 3057 solida

202 3105 325 3188 inerat,
341 3106 399 3192 qui
420 3123 557 3193 quoque
576 3110 648 3172 arte
668 3108 702 3172 et
716 3125 782 3172 usu
798 3106 1113 3193 pronuntiationem
1136 3103 1178 3171 ad
1194 3105 1330 3174 animos

203 3220 417 3289 audientium
433 3219 625 3289 movendos
638 3227 751 3308 aptam
765 3218 953 3288 addiderat.

249 3337 333 3404 Haec
355 3342 408 3404 est
429 3355 532 3403 causa
559 3356 620 3402 cur
639 3337 674 3402 in
690 3356 752 3404 sua
773 3342 939 3424 potestate
954 3333 1166 3402 audientium
1188 3335 1330 3404 affectus

202 3452 382 3537 habuerit;
410 3451 487 3520 haec
510 3456 562 3520 est
586 3471 688 3519 causa
717 3472 776 3519 cur
799 3449 938 3519 auditus
961 3452 1071 3538 major
1092 3471 1195 3540 quam
1217 3451 1329 3520 lectus

202 3568 321 3652 fuerit;
344 3567 420 3635 haec
446 3573 498 3635 cst
522 3587 623 3636 causa
647 3587 708 3635 cur
731 3567 895 3636 orationis
917 3567 1000 3637 vitia
1021 3567 1205 3635 virtutibus
1231 3567 1329 3655 quasi

203 3684 385 3773 operuerit.

247 3800 353 3877 Ouem
372 3799 457 3867 mihi
473 3797 590 3894 videre
603 3798 723 3866 videor
740 3818 881 3888 corpore
895 3819 1090 3888 procorum,
1102 3797 1196 3866 vocis
1212 3798 1328 3866 suavis

204 3915 435 4004 valentisque,
447 3914 714 4005 extemporalem
728 3921 786 3982 aut
800 3923 991 3983 accuratam
1007 3915 1195 3983 orationem
1213 3913 1329 3982 dicen·

205 4037 287 4115 tem;
310 4051 406 4099 nunc
430 4051 532 4098 suum
557 4030 791 4100 adversarium
815 4031 909 4099 varia
935 4029 1126 4098 eruditione
1150 4030 1326 4119 opprimit,

239 4291 259 4339 l.
278 4289 361 4352 Diol„
373 4291 412 4341 26.
424 4315 457 4327 -
473 4292 496 4338 2.
510 4290 572 4352 Cro,
592 4289 676 4353 Orat„
692 4293 730 4340 tl.
743 4317 772 4326 —
787 4293 810 4340 3.
826 4289 894 4350 Sum,
913 4289 997 4352 cont„
1012 4290 1057 4352 111,
1072 4292 1157 4354 praet,
1179 4292 1203 4342 3.
